1934 3226
117 65 225 114 268

695 81 737 115 P.
766 75 938 116 0V1D11
964 79 1188 119 NASONIS

1505 82 1606 116 Lm.
1649 84 1739 118 vn.

118 187 268 220 Potenita
278 187 373 219 subiti
382 189 483 220 morbi
491 187 643 229 deprensa
661 188 810 246 Strage
829 203 980 230 canum
996 189 1145 244 primii,
1167 188 1478 245 volucrumque,
1501 189 1737 245 oviumque,

117 232 222 273 prim&
258 239 361 273 strage
393 243 517 270 canum,
551 234 640 264 volu-

116 287 279 318 crumque.
310 277 488 318 oviumque,
527 279 640 309 boum-

830 246 1053 302 boumque,

117 331 190 362 que,
200 322 297 362 inque
310 321 392 353 fe„-s
442 322 558 354 Infelix
572 333 640 354 ara-
661 303 794 358 Inque
814 302 910 344 feris
930 304 1057 345 subiti
1076 303 1281 357 deprensa
1299 304 1487 358 potentia
1507 303 1656 345 morbi.

117 373 169 396 tor
180 367 312 396 miratur
321 367 440 398 validos
450 373 554 398 tauros
566 378 640 398 con·
662 360 896 401 Concidere
917 360 1063 401 infelix
1081 361 1240 402 validos
1260 362 1436 403 miratur
1456 371 1608 402 arator.

116 410 223 440 cidere
238 411 319 441 inter
330 421 428 450 opus;
443 422 505 452 que
516 421 639 443 recum-

117 456 193 486 bere
204 455 310 486 medio
322 455 421 487 sulco.
469 455 568 487 Lanae
590 467 642 487 ca-

1688 369 1743 406 70

661 418 778 459 Inter
793 431 898 470 opus
918 425 1082 465 tauros3
1104 417 1325 473 medioque
1340 419 1580 460 recumbere
1602 419 1729 460 sulco.

118 499 202 530 dunt
213 499 271 530 sua
283 506 402 539 sponoe,
417 500 564 541 lanigeris
572 511 642 541 gre-
662 474 880 529 Lanigeris
900 474 1098 529 gregibus
1114 474 1277 515 balatus
1298 475 1494 516 dantibus
1514 491 1648 533 aegros

119 538 213 584 gibus
227 544 374 576 dantibus
393 555 492 585 aegros
513 544 643 579 balatus,
664 532 823 583 Sponte
837 530 910 571 sua
932 530 1120 585 lanaeque
1137 531 1306 581 cadunt,
1329 540 1370 572 et
1390 546 1567 587 corpora
1589 534 1744 574 tabent.

119 594 154 618 et
190 598 320 628 corpora
354 591 470 620 tabent.

118 633 280 673 quondam
295 643 373 669 acer,
396 643 582 673 magnaeque
597 633 643 662 fa-

119 687 182 706 mae
194 677 228 707 in
243 678 379 716 pulvere,
397 678 562 717 degenerat
577 676 644 715 pal-

833 644 968 694 famae,

533 589 645 629 Equus
663 587 774 628 Acer
803 600 932 641 equus
965 587 1191 642 quondam,
1227 600 1475 645 magnaeque
1504 590 1546 630 in
1576 591 1748 645 pulvere

1619 651 1747 698 [rum,

119 731 208 758 mas3
232 732 294 762 que
304 722 418 752 oblitus
431 727 573 751 veterum
583 722 644 753 110-
663 702 905 758 Degenerat
917 715 935 733 a
950 701 1130 756 palmas3
1159 709 1427 758 veterumque
1448 704 1600 746 oblitus
1615 705 1748 747 hono<-

119 775 246 802 norum,
288 767 386 806 gemit
422 765 462 795 ad
498 774 645 805 praesepe.
666 758 734 799 Ad
756 772 940 813 praesepe
959 759 1102 815 gemit,
1125 759 1272 801 morbo
1288 761 1663 803 moriturusinerti.
1695 769 1747 806 76

118 810 293 841 :moriturus
306 810 400 840 inerti
414 811 533 840 morbo.
559 810 647 849 Aper

117 864 187 884 non
198 854 344 885 meminit
357 854 446 885 irasci
457 866 467 891 ;
481 864 544 885 non
557 865 649 885 cerva

119 897 217 929 fidere
239 908 351 930 cursu:
379 908 437 929 nec
460 900 526 930 ursi
539 899 646 931 incur-

665 816 765 858 Non
785 830 885 870 aper
904 816 1025 857 irasci
1045 817 1256 865 meminit3
1286 831 1372 858 non
1394 816 1524 859 fidere
1545 833 1668 860 cursu

667 874 824 923 Cerva3
846 869 926 914 nec
943 874 1140 915 armentis
1160 874 1373 915 incurrere
1393 874 1568 916 fortibus
1588 878 1687 917 ursi.

118 952 190 972 rere
204 942 337 974 fortibus
351 943 508 974 armentis,
555 947 646 977 Lan·
667 932 800 970 Omnia
819 930 978 982 languor
995 931 1103 969 habet
1115 947 1131 970 .-
1151 931 1358 982 sylvisque‚
1380 933 1572 983 agrisque,
1588 934 1748 985 viisque,

116 997 198 1027 gum·
207 989 431 1021 habetonmz'a:
445 988 529 1019 foeda
537 989 646 1031 corpo-
669 986 860 1038 Corpora
879 985 990 1026 foeda
1002 985 1165 1040 jacent;
1187 985 1387 1026 vitiantur
1402 985 1601 1027 odoribus
1622 1002 1750 1029 aurae.

118 1041 157 1061 ra
179 1031 287 1072 jacent
309 1032 470 1073 sylvisque,
494 1036 647 1076 agrisque,

119 1076 251 1118 viisque,
274 1089 360 1108 aurae
374 1078 524 1108 vitiantur
544 1080 647 1110 odori-

668 1042 784 1084 Mira
799 1042 958 1097 loquor.
996 1043 1089 1082 Non
1100 1041 1315 1091 illacanes,
1326 1043 1541 1098 avidaeque
1549 1043 1750 1094 volucres,

119 1121 191 1152 bus.
207 1121 337 1163 Loquor
345 1123 433 1152 mira.
460 1123 535 1153 Non
545 1134 648 1160 canes,
667 1099 768 1140 Non
784 1103 801 1132 b
814 1100 907 1140 cani
923 1099 1097 1155 tetigere
1108 1099 1221 1154 lupi:
1243 1099 1404 1154 dilapsa
1418 1100 1673 1155 liquescunt:
1698 1109 1752 1144 82

118 1165 284 1208 avidaeque
309 1167 458 1202 volucres,
489 1177 553 1198 non
578 1169 649 1199 cani
668 1156 907 1211 Afflatuque
927 1165 1080 1198 nocent
1092 1165 1176 1205 pet
1196 1166 1327 1214 agunt
1348 1159 1542 1214 contagia
1562 1157 1657 1200 late.

118 1209 192 1250 lupi
214 1210 344 1252 tetigere
369 1211 446 1242 iua:
470 1211 589 1252 dilapsa
608 1214 648 1243 li·
670 1214 866 1255 Pervenit
887 1213 940 1254 ad
957 1215 1127 1255 miseros
1147 1214 1305 1255 damno
1326 1215 1517 1269 graviore
1536 1216 1708 1259 colonos

118 1262 299 1295 quoscum:
315 1266 377 1297 que
393 1263 506 1286 nocent
521 1258 626 1288 afflatu
639 1270 647 1277 ·

120 1305 157 1329 et
166 1307 267 1341 agunt
277 1301 422 1342 contagia
432 1300 505 1332 late.
549 1303 650 1333 Pestis

638 1283 648 1296 ³
671 1272 815 1320 Pestis,
838 1280 879 1312 et
899 1272 942 1312 in
963 1285 1128 1327 magnae
1143 1271 1385 1313 dominatur
1401 1273 1608 1314 moenibus
1624 1275 1751 1318 urbis.

119 1346 266 1384 pervenit
299 1345 339 1376 ad
370 1346 499 1376 miseros
522 1347 650 1378 colonos
670 1329 841 1370 Viscera
860 1336 1073 1374 torrentur
1092 1328 1255 1384 primo:
1277 1329 1539 1385 flammaeque
1559 1329 1723 1373 latentis

121 1390 266 1428 graviore
280 1390 406 1426 damno,
421 1396 456 1420 et
471 1390 652 1423 dominatur
667 1386 874 1428 Indicium
895 1386 1026 1427 rubor
1046 1396 1119 1437 est,
1142 1396 1183 1428 et
1202 1386 1351 1428 ductus
1368 1387 1574 1429 anhelitus
1591 1390 1715 1444 aegre.

121 1434 159 1464 iri
171 1436 326 1466 moenibus
337 1445 461 1475 magnae
468 1438 562 1467 urbis.
579 1437 649 1471 Pri-

121 1477 180 1509 mo
210 1480 327 1510 viscera
365 1486 523 1511 torrentur
539 1494 549 1519 ;
590 1492 651 1522 que

123 1526 223 1555 :rubor
257 1531 304 1554 est
339 1523 494 1556 indicium
527 1526 652 1556 latentis
668 1502 758 1543 Osa
773 1509 940 1555 patent:

669 1446 829 1498 Aspera
845 1444 1001 1499 linguae
1022 1452 1166 1494 tumet,
1190 1444 1444 1499 trepidisque
1466 1446 1624 1486 arentia
1640 1448 1752 1488 venis

963 1516 1158 1556 auraeque
1173 1515 1319 1557 graves
1339 1510 1561 1556 captantur
1578 1502 1707 1544 hiatu.

123 1568 272 1605 flammae,
311 1575 342 1600 et
379 1570 536 1602 anhelitus
569 1569 652 1611 aegre
670 1560 766 1600 Non
789 1566 979 1608 stratum,
1012 1573 1097 1600 non
1117 1559 1203 1600 ulla
1222 1559 1310 1613 pati
1331 1556 1536 1600 velamina
1555 1570 1750 1614 possunt:

124 1613 253 1644 duetus.
280 1613 410 1655 Lingua
422 1625 529 1654 aspera
541 1621 650 1650 tumet,
667 1615 790 1657 Dura
805 1616 876 1656 sed
897 1615 940 1656 in
957 1616 1066 1657 terrei
1083 1624 1249 1670 ponunt
1260 1616 1516 1670 praecordia:
1538 1632 1615 1658 nec
1629 1618 1676 1660 fit
1697 1626 1746 1662 91

123 1667 190 1697 que
205 1659 324 1689 arentia
335 1669 390 1689 ora
402 1665 511 1699 patent
525 1660 653 1699 trepidis

125 1702 224 1738 venis,
254 1713 317 1743 que
341 1713 450 1744 graves
463 1710 556 1735 'aurae
579 1715 652 1744 cap-

124 1751 234 1778 iantur
243 1748 343 1778 hiatu.
364 1748 438 1779 Non
449 1755 579 1788 possunt
589 1749 654 1788 pati

671 1672 985 1770 Corpusfhumo
1004 1673 1204 1730 gelidum,
1236 1673 1308 1714 sed
1329 1673 1481 1715 humus
1503 1674 1555 1715 de
1575 1690 1752 1730 corpore

856 1738 981 1771 ervet.

1587 1732 1752 1783 [dentes

125 1797 270 1828 stratum.
300 1803 365 1823 non
394 1793 461 1824 una
489 1794 652 1831 velamina,
670 1787 761 1829 Nec
795 1787 1034 1830 moderator
1068 1787 1212 1830 adest:
1248 1788 1375 1844 inque
1403 1788 1516 1843 ipsos
1537 1804 1646 1830 saeva
1667 1804 1752 1831 me-

125 1836 182 1866 sed
205 1844 329 1876 ponunt
343 1837 423 1868 dura
437 1838 605 1878 praecordia
620 1840 655 1870 in

127 1880 212 1911 terra
225 1891 234 1911 ι
256 1892 316 1912 nec
337 1892 450 1922 corpus
465 1883 500 1913 fit
514 1883 656 1924 gelidum
670 1886 778 1921 humo,
805 1885 859 1916 sed
883 1885 1001 1916 humus
1022 1885 1122 1917 servet
1135 1885 1175 1918 de
1189 1895 1326 1926 corpore.
1374 1885 1442 1916 Nec
1458 1886 1632 1918 moderator
1647 1886 1732 1918 adest
1745 1901 1755 1926 ;

128 1935 191 1967 que
206 1935 286 1959 saeva
299 1927 402 1958 clades
413 1929 550 1967 erumpit
561 1929 594 1958 in
606 1929 767 1961 medentes
778 1930 878 1969 ipsos;

538 1985 557 2004 α
577 1974 733 2016 Degener,
750 1980 781 2005 et
799 1974 927 2011 Palmae,
943 1975 1002 2006 &c.

1272 1976 1290 2006 ὁ
1305 1972 1397 2006 avidi.

856 2128 1023 2160 NOTES.

173 2226 226 2254 68.
253 2223 362 2264 Strage.
386 2234 510 2260 canum.
534 2225 609 2262 δια]
636 2225 704 2256 The
719 2227 852 2257 noxious
866 2238 918 2258 va-

126 2276 216 2307 pour,
250 2269 352 2299 which
374 2270 488 2300 caused
519 2270 581 2300 this
609 2271 732 2310 plague,
767 2272 921 2311 supposed

128 2318 164 2342 to
185 2313 223 2343 be
248 2313 380 2344 exhaled
405 2315 445 2354 by
459 2315 513 2344 the
539 2324 598 2344 sun
625 2321 682 2345 out
699 2315 737 2345 of
753 2317 806 2346 the
824 2318 920 2351 earth,

126 2356 285 2396 naturally
307 2358 407 2388 seized
440 2359 527 2389 those
559 2358 691 2389 animale,
725 2359 792 2390 first
820 2361 921 2392 which

127 2399 200 2430 seed
223 2411 259 2431 or
280 2412 371 2442 graze
393 2413 478 2442 upon
500 2404 552 2434 the
575 2404 708 2443 ground.
757 2404 833 2435 This
848 2415 921 2444 pro-

129 2454 216 2483 gress
246 2445 283 2476 of
303 2447 357 2478 the
379 2448 547 2488 distemper
571 2448 599 2479 is
620 2448 714 2479 taken
740 2448 823 2480 from
848 2449 919 2481 Ho-

128 2498 209 2519 mer.

177 2536 228 2563 70.
248 2533 409 2574 Miratur]
436 2536 599 2572 Wonders,
622 2537 671 2568 sor
690 2539 730 2568 he
744 2537 852 2569 knows
868 2545 923 2570 not

130 2577 184 2607 the
198 2587 291 2608 cause
305 2580 342 2610 of
353 2582 405 2611 the
419 2581 576 2621 calamity.

175 2624 230 2652 71.
252 2622 341 2654 Inter
358 2626 465 2664 opus]
494 2626 540 2655 As
555 2627 594 2656 he
608 2627 635 2656 is
649 2626 832 2668 plougliing.

176 2665 403 2706 Recumbere.]
431 2670 479 2700 To
495 2669 548 2699 fall
562 2670 664 2700 doum.

173 2713 228 2740 72.
246 2711 436 2753 Lanigerisst
466 2713 713 2755 wool—bearing.

175 2757 229 2786 75.
246 2755 395 2795 'fabem-J
416 2757 503 2796 They
519 2758 592 2796 pine
607 2768 705 2798 away.

175 2801 231 2829 74.
251 2800 410 2839 Pulvere]
438 2802 478 2832 In
494 2803 546 2832 the
560 2811 641 2833 race.

150 2845 228 2916 ¹75.
253 2845 463 2885 Degenerat.]
493 2846 526 2876 Is
550 2847 644 2878 taken
667 2847 797 2887 actively
813 2848 846 2879 in
862 2848 924 2878 this

128 2896 150 2926 p
163 2897 226 2918 ace.

177 2931 328 2970 Palmae]
355 2933 519 2966 victorie&

179 2975 392 3018 veterumque
404 2979 584 3017 honorum]
605 2980 654 3010 Of
664 2980 788 3011 ancient
802 2980 901 3021 glory.

176 3024 228 3050 77.
248 3022 376 3063 Cum-u]
398 3023 450 3059 An
466 3023 518 3057 old
540 3024 655 3056 Dative
668 3026 716 3057 for
730 3026 845 3058 cursui.

1009 2229 1027 2257 7
1033 2229 1061 2256 8.
1080 2225 1271 2265 Incurrere]
1299 2226 1348 2258 To
1363 2234 1410 2258 set
1423 2238 1522 2267 upon.

1011 2273 1063 2302 79.
1082 2271 1209 2306 Omnia,
1225 2272 1296 2311 δια]
1320 2272 1376 2303 All
1390 2272 1522 2305 animals
1536 2283 1616 2305 were
1631 2277 1757 2309 become

965 2315 1097 2356 languid
1112 2315 1174 2346 and
1186 2317 1282 2346 weak.
1734 2347 1736 2349 ,

1010 2364 1061 2390 80.
1081 2361 1219 2400 Corpora
1232 2361 1343 2400 soeda.]
1372 2361 1519 2405 stinking
1534 2372 1680 2396 carcases.

1010 2408 1064 2435 81.
1086 2404 1174 2443 Illa-J
1202 2406 1270 2436 The
1286 2416 1431 2438 carcases.

1010 2453 1062 2480 82.
1082 2450 1213 2488 Dilapsa
1227 2451 1432 2491 liquescunt]
1460 2451 1549 2492 They
1563 2459 1612 2483 rot
1626 2452 1688 2483 and
1702 2453 1757 2484 sall

966 2504 1062 2533 away.
1109 2495 1188 2525 This
1201 2496 1228 2526 is
1242 2506 1283 2528 an
1298 2495 1468 2527 admirable
1481 2497 1668 2536 description
1684 2498 1721 2527 of
1738 2508 1757 2528 a

965 2539 1142 2578 pestilence.

1011 2587 1062 2613 83.
1084 2584 1194 2623 Agunt
1203 2577 1353 2625 'contagia
1367 2583 1453 2623 late]
1480 2584 1570 2625 They
1585 2585 1693 2625 spread
1705 2586 1758 2617 tho

967 2628 1132 2668 contagion
1149 2628 1196 2658 far
1210 2629 1272 2660 arrd
1286 2639 1370 2660 near.

1012 2675 1064 2703 87.
1080 2672 1264 2712 Indicium]
1285 2675 1314 2704 A
1325 2673 1463 2715 flushing
1470 2673 1509 2705 of
1517 2674 1571 2705 the
1582 2674 1649 2706 face
1660 2675 1759 2706 shews

967 2718 1020 2747 the
1031 2717 1145 2748 bowels
1158 2724 1190 2748 to
1205 2719 1242 2753 be
1255 2717 1417 2749 inflamed.

1011 2765 1063 2792 88.
1078 2761 1226 2799 Tumet.]
1256 2762 1289 2792 Is
1303 2762 1411 2802 puffed
1425 2771 1478 2802 up.

1015 2805 1171 2844 Arentia]
1199 2806 1268 2846 Dry
1283 2806 1344 2837 und
1355 2807 1502 2846 parched.

1011 2853 1064 2882 89.
1083 2850 1224 2888 Patent.]
1248 2851 1338 2890 They
1352 2861 1443 2891 gnpe.

1014 2894 1157 2932 Graves]
1188 2895 1203 2924 1
1207 2893 1368 2925 nfectious.

1013 2942 1065 2969 90.
1085 2939 1248 2976 Stratum]
1276 2939 1344 2969 'nm
1357 2937 1429 2970 bed.

1013 2986 1065 3013 91.
1091 2982 1193 3012 Dura.
1207 2985 1211 3020 ,¹
1241 2983 1340 3017 Hard,
1357 2982 1493 3015 swelled.

1014 3030 1065 3059 95.
1083 3026 1288 3069 Moderator.]
1317 3027 1346 3059 A
1361 3028 1530 3070 physician.

809 3148 1934 3226 fss-——.........--l
