1934 3226
159 76 269 126 216

712 82 755 117 P.
784 79 956 116 OVIDII
983 78 1205 115 NASONIS

1583 78 1637 113 Li
1642 80 1683 115 13.
1712 80 1782 116 vl.

155 202 210 233 cui
249 200 382 231 Latonae
417 195 556 250 inaxirna
598 201 680 227 terra
701 189 906 232 Latonam
924 187 1121 243 praeferre
1133 187 1260 235 mihi3
1281 187 1348 229 cui
1371 187 1553 228 maxima
1570 187 1783 242 quondam

156 244 317 285 quondam
329 249 454 283 negant
468 251 615 282 emguam
630 251 678 271 ⁵²·
702 247 912 303 Exiguam
933 246 1070 287 sedern
1092 247 1291 300 pariturae
1312 254 1424 286 terra
1443 245 1623 302 negavit.

158 291 232 321 dem
265 289 420 329 pariturae.
475 287 546 318 Dea
579 291 682 316 vestra.

157 345 218 365 nec
240 339 363 373 recepta
384 338 432 363 est
444 331 530 367 coelo,
545 341 603 362 nec
617 331 679 361 hu-

158 389 222 415 mo,
235 388 293 409 nec
308 377 404 419 aquis,
417 383 483 408 erat
497 375 570 407 exul
582 385 679 405 mun-

702 305 791 346 Nec
811 303 931 353 coelo,
953 318 1030 345 nec
1050 304 1193 354 humo,
1216 316 1293 344 nec
1314 303 1431 359 aquis
1447 303 1542 346 Dea
1561 310 1696 345 vestra
1715 317 1781 346 re-

872 370 992 416 cepta
1012 369 1085 402 cst.

159 424 213 461 ‹li;
236 423 335 454 donec
351 428 388 453 tu
406 421 512 457 Delos,
535 420 680 451 miserata
704 419 813 461 Exul
834 427 922 460 erat
941 418 1110 467 mundi;
1132 415 1265 459 donec
1285 418 1477 459 miserata
1496 427 1732 475 vagantem,

160 474 326 509 vagantem
356 467 443 500 dixit,
478 466 529 497 Tu
558 465 681 504 hospita

158 524 243 544 erras
257 513 356 550 terris,
372 522 432 552 ego
453 511 486 542 in
501 510 604 544 undis,
619 519 681 549 que

159 557 248 589 dedit
260 556 436 588 instabilem
450 556 532 586 locw
546 566 568 584 ¹.
620 553 681 583 Illa

703 478 886 531 Hospita
901 485 946 517 tu
961 475 1080 516 terris
1097 489 1222 525 erras,
1242 473 1348 532 EgO,
1363 476 1482 526 dixit,
1498 477 1540 516 in
1557 477 1692 526 undis,
1726 481 1780 519 45

704 533 1025 586 Instabilemque
1040 531 1178 573 locum
1200 532 1330 574 Delos
1351 532 1476 574 dedit.
1525 533 1603 575 Illa
1618 533 1782 575 duobus

158 603 243 633 facta
256 612 368 641 parens
382 601 525 635 duobus:
550 599 617 629 haec
635 603 682 628 est
703 592 830 632 Facta
841 603 1009 644 parens:
1031 590 1138 629 uteri
1154 602 1250 643 pars
1265 598 1325 630 est
1339 590 1430 631 haec
1443 591 1618 645 septima
1637 590 1783 633 nostri.

159 648 294 686 septima
306 657 377 685 pars
388 644 484 675 nostri
494 643 585 674 uteri.
603 642 681 672 Sum
703 650 806 689 Smn
839 646 952 688 felix·

160 692 247 722 felix.
295 691 376 726 Quis
391 689 476 719 enim
493 693 586 728 neget
599 686 680 716 hoc?

162 737 238 772 Que
275 736 409 765 manebo
444 732 530 763 felix.
602 730 684 766 Quis

160 791 286 822 quoque
315 779 437 809 dubitet
463 778 523 807 hoc
534 777 548 806 ?
589 777 682 815 Copia

1015 646 1122 695 Quis
1157 646 1269 687 enim
1302 656 1427 703 neget
1459 647 1573 690 hoc?
1602 648 1783 704 felixque

871 703 1064 745 manebo.

704 762 803 804 Hoc
816 776 981 818 quoque
990 762 1081 831 quis
1097 760 1289 803 dubitet?
1316 761 1458 802 Tutum
1473 776 1530 802 me
1542 764 1783 817 copiofhcz't.

149 827 234 866 ficit
249 835 296 855 ⁷⁷20
313 830 422 855 tutam.
471 822 549 852 Sum
574 820 682 861 major,
704 819 846 870 Maior
861 834 965 866 sum,
982 833 1106 875 quam
1123 820 1189 860 cui
1206 819 1337 874 possit
1350 819 1518 860 fortuna
1530 834 1695 870 nocere3
1729 827 1783 862 50

162 868 258 911 quain
278 869 332 899 cui
357 868 485 898 fortuna
507 866 603 905 possit
625 874 681 895 no-

162 925 241 946 cere.
291 913 364 948 Que
378 918 415 942 ut
429 911 540 950 eripiat
561 910 682 946 multa3

704 867 925 932 Multaque
938 885 984 919 ut
996 877 1160 932 eripiat3
1177 876 1310 918 inulto
1323 877 1425 918 mihi
1434 876 1556 930 plura
1566 876 1784 933 relinquet.

163 959 318 998 relinquet
347 956 426 988 mihi
454 956 546 995 plura
571 952 683 985 multo.
705 935 929 977 Excessere
944 942 1100 976 metum
1117 939 1209 975 mea
1223 937 1310 990 jam
1323 934 1447 975 bona.
1497 934 1662 991 Fingite
1675 935 1785 976 demi

165 1004 243 1034 Mea
264 1004 347 1033 bona
364 1003 433 1043 jam
446 999 603 1031 excessere
617 1009 684 1029 tne-
705 993 822 1035 Huic
844 992 999 1048 aliquid
1019 993 1177 1047 populo
1198 1001 1393 1033 natorum
1414 1006 1534 1046 posse
1554 1006 1757 1034 nieorum.

163 1054 244 1078 tum.
294 1047 419 1088 Fingite
447 1044 565 1085 aliquid
596 1052 685 1083 posse

163 1092 250 1124 demi
264 1091 339 1123 huic
350 1089 467 1132 populo
476 1099 618 1120 meorum
629 1098 685 1118 na-

163 1144 279 1168 torum.
327 1137 402 1167 Non
424 1142 530 1166 tamen
556 1133 686 1173 spoliata

706 1051 803 1092 Non
825 1059 962 1092 tamen
986 1050 1038 1091 ad
1056 1064 1278 1092 numerum
1298 1049 1466 1107 redigar
1486 1049 1662 1104 spoliata
1682 1049 1788 1091 duo-

875 1122 970 1149 rum

1731 1113 1787 1149 54

164 1182 288 1222 redigar
302 1182 342 1212 ad
365 1190 534 1210 numerum
550 1179 686 1209 duorum
707 1165 895 1207 Latonae.
945 1164 1090 1206 Turb&
1112 1180 1196 1228 quo
1216 1174 1418 1221 quantum
1439 1165 1564 1208 distat
1584 1163 1638 1206 ab
1654 1164 1756 1206 orbfi
1773 1163 1782 1206 i

166 1227 309 1258 Latonae.
356 1226 431 1261 Quo
452 1230 608 1264 quantum
623 1222 685 1252 dis·
707 1223 769 1264 Ite
782 1238 801 1257 α
815 1222 954 1272 sacris,
972 1231 1193 1277 properate
1207 1223 1348 1273 saeris:
1367 1222 1613 1278 laurumque
1629 1222 1788 1277 capillis

165 1278 212 1302 tat
234 1269 326 1302 turba&
345 1272 384 1300 ab
399 1267 490 1300 orba!
520 1268 570 1298 Ite
585 1267 686 1302 sacris,
709 1281 857 1322 Ponite

166 1321 329 1355 properate
352 1314 464 1351 sacris;
495 1323 555 1353 que
581 1311 688 1351 ponite
860 1311 870 1321 ⁶

166 1361 292 1392 laurum
323 1359 450 1399 capilliS.
506 1358 687 1396 Deponunt,

166 1412 199 1436 et
229 1405 410 1445 relinquunt
442 1412 529 1433 sacra
561 1401 687 1432 infecta.

904 1281 1150 1334 Deponunt,
1172 1288 1214 1322 et
1234 1294 1350 1320 sacra
1370 1279 1522 1322 infecta
1534 1280 1788 1335 relinquunt.

708 1338 920 1394 Quodque
935 1338 1044 1389 licet,
1063 1338 1188 1380 tacito
1203 1346 1453 1380 venerantur
1469 1352 1684 1379 murmure
1698 1337 1790 1379 Nu-

877 1409 987 1437 men.

170 1450 329 1490 Quodque
337 1451 432 1480 mlum
441 1448 522 1482 licet,
538 1456 688 1477 veneran-
710 1453 934 1508 Indignata
948 1453 1042 1494 Dea
1053 1461 1130 1495 est:
1147 1447 1446 1508 summoque’in
1454 1451 1607 1493 vertice
1617 1450 1789 1508 Cynthi,

159 1502 221 1525 rtur
246 1495 375 1525 Numen
396 1493 491 1524 tacito
515 1500 688 1522 murmure.

163 1539 242 1570 'Dea
257 1545 303 1569 est
324 1538 508 1578 indignata:
532 1543 564 1566 et
585 1535 691 1566 locuta
708 1512 883 1553 Talibus
898 1519 959 1553 est
979 1511 1099 1552 dictis
1119 1510 1284 1567 geminii
1301 1525 1396 1552 cum
1409 1509 1528 1566 prole
1542 1509 1705 1555 locuta:
1734 1516 1791 1552 60

166 1590 215 1614 eat
231 1594 304 1614 cum
328 1581 455 1623 gemina
469 1581 556 1621 prole
576 1580 692 1611 talibus
710 1569 777 1610 En
795 1569 803 1610 !
827 1583 906 1626 ego
927 1578 1062 1610 vestra
1082 1583 1245 1623 parens,
1265 1568 1381 1609 vobis
1402 1568 1589 1623 animosa
1609 1568 1773 1616 creatis,

168 1628 261 1660 «lictis
275 1629 309 1658 in
331 1637 456 1658 summo
470 1626 584 1656 vertice
605 1625 690 1664 Cyn·
711 1627 767 1668 Et
787 1627 865 1666 nisi
886 1626 1058 1676 Junoni,
1087 1626 1190 1666 nulli
1212 1641 1376 1667 cessura
1396 1626 1600 1673 Dearum,
1651 1624 1794 1676 [cultis

169 1674 240 1705 thi:
268 1673 298 1704 O
321 1672 395 1708 nati,
420 1671 478 1703 en!
508 1680 568 1711 ego
593 1675 694 1700 vestra

168 1728 281 1757 parens
303 1717 446 1748 animosa
465 1715 551 1746 vobis
574 1714 693 1747 creatis.

168 1770 202 1792 et
217 1771 337 1793 cessura
353 1761 433 1792 nulli
456 1760 609 1795 Deamm,
633 1757 695 1788 nisi

714 1686 781 1726 An
814 1684 908 1725 Dea
937 1684 1027 1733 sim,
1059 1683 1251 1725 dubitor:
1288 1697 1446 1739 perque
1478 1683 1618 1724 omnia
1643 1681 1795 1726 saecula

716 1744 887 1791 Areeor,
910 1740 936 1781 ὃ
957 1741 1057 1790 nati,
1080 1742 1158 1781 nisi
1181 1744 1252 1780 vos
1273 1740 1524 1788 succurritis,
1547 1740 1641 1780 aris.

167 1807 303 1846 Junoni,
317 1806 442 1838 dubitor
456 1815 498 1837 an
513 1805 574 1836 sim
591 1804 662 1838 Dea
675 1814 685 1834 ·.
708 1811 769 1841 que
781 1811 885 1832 arceor
899 1801 960 1831 aris
974 1800 1067 1831 cultis
1082 1809 1137 1839 per
1151 1800 1258 1830 omnia
1270 1800 1392 1837 saecula,
1408 1800 1468 1830 nisi
1483 1808 1536 1829 vos
1551 1796 1738 1829 succurritis.

644 1874 664 1894 a
684 1861 733 1893 Ite
745 1862 804 1893 axis
817 1863 898 1893 orbae
914 1860 1015 1897 sacris,
1037 1859 1233 1900 laurumque,
1259 1858 1318 1890 dcc.

901 2016 1068 2051 NOTES.

214 2145 270 2175 43.
296 2140 365 2175 Nec
379 2139 481 2180 coela]
507 2139 631 2171 Latona
652 2136 746 2169 could
771 2142 827 2167 not
851 2133 919 2167 find
944 2145 963 2167 ο,

167 2190 286 2230 testing
299 2188 386 2229 place
395 2188 498 2217 where
512 2192 546 2216 to
557 2187 594 2216 be
605 2182 759 2215 delivered
772 2182 808 2212 of
818 2183 875 2211 her
886 2182 962 2211 bur-

165 2235 248 2265 den:
276 2233 326 2265 sor
341 2231 429 2264 Juno
450 2229 512 2262 had
538 2227 684 2261 secluded
705 2228 762 2258 her
776 2226 858 2257 from
872 2235 963 2264 every

167 2286 294 2321 quai-ter
307 2279 350 2317 by
364 2278 418 2308 the
433 2275 604 2315 obligation
616 2273 654 2304 of
663 2283 704 2304 an
718 2272 791 2303 oath
806 2269 966 2312 enjoined.

218 2324 289 2354 Dea
308 2321 434 2359 vestra]
461 2321 549 2351 With
565 2324 653 2360 great
676 2322 835 2356 contempt
860 2315 963 2346 Niobe

164 2368 244 2399 calls
267 2368 401 2404 Latona,
427 2365 517 2397 Your
533 2363 685 2400 Goddess,
707 2363 742 2394 in
764 2360 915 2402 speaking
930 2365 962 2390 to

167 2415 222 2444 the
237 2412 357 2452 people.

213 2462 266 2487 44.
300 2455 414 2495 Exul]
447 2455 508 2487 She
530 2464 593 2486 was
621 2451 770 2484 banished
800 2450 884 2482 from
909 2450 962 2481 the

166 2501 275 2532 world.

212 2550 265 2578 46.
296 2544 546 2586 Instabilemque
571 2541 704 2581 locum]
739 2542 791 2573 An
821 2539 964 2571 unstnble

164 2590 263 2631 place.
292 2590 356 2621 For
372 2590 470 2621 Delos
485 2600 547 2620 was
561 2586 721 2619 harrassed
735 2587 809 2616 with
822 2585 966 2626 frequent

165 2634 397 2676 earthquak-es:
423 2645 466 2670 or,
490 2635 537 2664 for
558 2635 625 2664 that
646 2633 708 2662 this
730 2630 829 2662 island
845 2630 896 2670 lay
910 2628 967 2660 hid

166 2680 216 2711 sor
229 2690 315 2711 some
330 2681 411 2711 time
434 2679 534 2710 under
549 2685 652 2713 water,
675 2676 738 2707 and
759 2682 792 2706 at
804 2676 858 2705 the
879 2684 965 2705 com—

166 2724 263 2755 mand
289 2724 328 2755 of
358 2724 507 2763 Neptune
532 2733 629 2759 arose,
654 2720 718 2752 and
743 2721 816 2751 thus
845 2718 968 2750 Latona

165 2768 268 2799 found
284 2779 303 2799 a
317 2768 410 2808 pllace
425 2775 458 2798 to
472 2770 510 2799 be
520 2766 675 2798 delivered
689 2767 732 2796 in.
782 2765 814 2795 It
829 2764 855 2794 is
866 2762 964 2795 called

168 2813 268 2845 Delos
285 2813 345 2845 Er:
354 2814 444 2844 utica.

215 2858 276 2889 Illa
291 2858 346 2889 du(
356 2860 430 2893 »bus¹
446 2857 517 2895 δια]
534 2857 595 2888 She
610 2856 636 2886 is
647 2856 699 2885 the
715 2853 836 2885 mother
847 2852 883 2884 of
894 2859 965 2890 two,

169 2901 187 2934 I
205 2904 241 2933 of
251 2913 345 2933 seven
363 2904 454 2934 times
470 2909 542 2933 two.

209 2943 264 2978 5‘1.
284 2947 364 2987 Ut.;:
389 2947 559 2985 Altliough,
579 2944 718 2976 Fortuna
734 2942 851 2983 eripiat.

209 2996 260 3027 55.
282 2993 356 3030 Tun
371 2991 398 3023 ‚A
412 3002 483 3037 quo,
500 2991 571 3028 διο]
600 2990 641 3024 So
655 2990 722 3022 that
744 2990 830 3021 there
843 2988 872 3021 is
887 2984 965 3021 little

1005 2132 1173 2165 difference
1190 2133 1330 2166 between
1355 2131 1419 2169 her,
1442 2131 1504 2162 and
1527 2130 1614 2163 those
1629 2129 1700 2162 who
1717 2129 1796 2162 have

1007 2189 1049 2210 no
1063 2178 1212 2210 children.
1616 2178 1619 2180 ’

1051 2227 1111 2255 57.
1127 2222 1274 2260 Infecta]
1302 2220 1498 2253 Unfinished.
1631 2255 1635 2258 ⁴

1004 2312 1026 2345 d
1053 2271 1105 2300 58.
1124 2267 1281 2309 Quodque
1298 2267 1394 2306 licet]
1424 2266 1500 2298 And
1514 2266 1597 2298 what
1619 2265 1710 2298 alone
1724 2263 1797 2305 they

1027 2320 1094 2345 urst
1104 2313 1155 2344 do.

1050 2362 1102 2390 59.
1122 2358 1314 2398 summoque
1329 2357 1363 2388 in
1377 2356 1514 2395 vertice]
1544 2355 1638 2397 Upon
1653 2353 1707 2386 the
1720 2352 1798 2395 high

1004 2410 1069 2443 top.
1164 2403 1309 2442 Cynthi.]
1338 2401 1386 2433 Os
1406 2401 1524 2432 Mount
1542 2400 1652 2438 Delos,
1671 2399 1799 2430 whence

1009 2447 1124 2487 Apollo
1139 2448 1166 2478 is
1180 2447 1280 2479 ealled
1298 2446 1474 2488 Cynthius;
1498 2446 1560 2478 and
1578 2445 1692 2480 Diana,
1710 2442 1798 2483 Cyn-

1005 2493 1081 2525 thia.

1053 2542 1105 2569 60.
1137 2537 1306 2578 Indignata
1323 2536 1392 2576 est]
1422 2534 1577 2577 Indignor
1601 2531 1740 2574 signifies
1764 2537 1799 2562 to

1007 2582 1068 2614 feel
1090 2583 1157 2614 that
1178 2588 1370 2613 resentment
1393 2581 1494 2612 which
1523 2580 1616 2611 arlses
1638 2577 1729 2608 when
1751 2585 1800 2606 we

1008 2638 1060 2659 are
1103 2626 1221 2658 treated
1263 2624 1423 2668 (indigne)
1461 2621 1658 2661 unworthily,
1699 2629 1798 2651 worse

1009 2673 1085 2703 than
1105 2682 1153 2702 we
1176 2672 1255 2702 have
1278 2669 1443 2707 desei-veih
1467 2669 1544 2700 such
1564 2677 1584 2699 ο
1606 2670 1799 2697 resentment

1010 2718 1037 2748 is
1061 2716 1213 2748 therefore
1241 2714 1340 2746 called
1360 2715 1397 2745 in
1421 2713 1563 2754 English,
1587 2709 1799 2757 indignation.
1842 2714 1848 2718 “

1011 2762 1080 2793 Τὴε
1105 2761 1247 2793 Goddess
1260 2770 1322 2791 was
1346 2757 1498 2795 offended,
1523 2755 1659 2798 enraged
1682 2763 1714 2786 at
1736 2753 1800 2786 this

1009 2807 1174 2845 unworthy
1190 2810 1364 2836 treatment.

1055 2854 1107 2883 61.
1128 2852 1189 2887 En,
1211 2849 1284 2889 δια]
1313 2849 1362 2889 By
1375 2848 1436 2880 this
1463 2847 1573 2887 speech
1603 2844 1799 2877 Latonae·

1008 2902 1114 2937 quests
1132 2894 1247 2934 Apollo
1271 2892 1334 2924 and
1363 2893 1467 2923 Diana
1491 2900 1523 2922 to
1538 2891 1609 2922 take
1624 2896 1801 2932 vongunce

1009 2941 1047 2974 of
1060 2940 1160 2971 Niobe
1175 2939 1224 2970 for
1238 2939 1290 2970 the
1306 2937 1427 2968 {iffi-ont.

1056 2983 1238 3022 Animam]
1268 2981 1374 3015 Proud
1389 2981 1432 3014 of.
