1934 3226
126 34 240 70 ΕΑΒ.
268 31 379 67 Vlll.

143 142 233 184 Hic
253 149 378 194 caput
398 138 556 188 attollo,
578 137 830 194 desuetaque
845 140 979 181 sidera
994 155 1136 182 cerno:

142 198 261 256 Ergo
282 197 382 240 dam
407 196 553 251 Stygio
573 195 650 236 sub
672 198 790 237 terris
805 198 972 252 gurgite
991 197 1122 247 labor,

143 258 244 298 Visa
265 265 337 297 tua
356 261 417 294 est
435 252 580 303 oculis,
603 250 701 303 illic,
726 254 978 308 Proserpina
1006 256 1168 296 nostris.

682 32 1212 70 METAMORPHOSEQN.

1659 29 1762 81 199

1210 144 1212 147 ’
1239 145 1290 177 hic
1314 149 1421 179 attollo
1446 158 1547 191 caput,
1582 163 1643 193 que
1668 164 1762 186 cerno

1241 191 1368 222 desueta
1390 194 1499 226 sidera.
1557 198 1654 238 Erga,
1683 198 1763 231 dum

1241 235 1328 266 labor
1353 239 1411 268 sub
1438 240 1526 270 terris
1555 242 1663 283 Stygio
1686 254 1762 285 gur-

1241 280 1314 320 gite,
1339 288 1394 311 tua
1418 283 1601 324 Proserpina
1627 289 1690 318 visa
1716 295 1764 319 est

140 316 214 354 Illa
232 312 388 364 quidem
409 310 538 355 tristiS,
559 323 633 348 nec
653 311 780 349 adhfic
800 311 980 350 interrita
997 313 1107 350 vultu
1124 329 1132 357 ;
1174 318 1306 356 45ἰ11ὶε
1321 327 1433 356 nostris
1447 329 1555 359 oculis.
1605 331 1667 362 Illa
1690 333 1762 374 qui-

143 367 225 410 Sed
248 366 391 422 regina
408 373 558 412 tamen,
580 363 651 405 sed
671 365 791 419 opaci
811 366 994 406 maxima
1014 366 1159 406 mundi
1174 382 1186 415 ς

143 424 226 467 Sed
247 433 385 464 tamen
406 421 555 462 inferni
576 421 736 476 pollens
758 431 948 464 matrona
968 424 1149 477 tyranni.

140 483 285 525 Mater
306 481 359 521 ad
381 479 543 522 auditas
564 481 735 533 stupuit,
759 495 834 521 ceu
855 495 991 530 saxea,
1014 495 1146 532 voces,

140 538 424 593 Attonitaeque
439 537 511 578 diu
532 538 674 577 similis
694 537 796 579 fuit:
820 547 948 594 utque
967 538 1112 580 dolore

1241 370 1315 400 dem
1334 371 1437 406 tristis,
1461 382 1517 403 nec
1540 374 1641 406 adhuc
1665 378 1763 408 inter-

1241 415 1301 445 rita
1315 415 1426 453 wiltu3
1450 417 1505 447 sed
1525 424 1629 449 tamen
1644 422 1763 462 regina,

1242 460 1296 490 sed
1308 461 1446 491 maxima
1463 463 1551 500 opaci
1563 465 1690 503 mundi;
1707 467 1763 497 sed

1241 512 1347 535 tamen
1371 505 1491 544 ponens
1511 513 1652 538 man-ona
1666 510 1762 541 inser—

1241 551 1276 580 ni
1296 551 1429 590 tyranni.
1478 551 1592 588 Mater,
1607 563 1665 583 ceu
1689 565 1760 586 sax-

140 597 268 639 Pulsa
287 596 404 652 gravi
424 595 561 651 gravis
582 603 642 636 est
662 596 857 644 amentia3
880 596 1070 636 curribus
1089 611 1211 638 auras
1240 605 1286 630 ‘³²2
1307 596 1429 634 stupuit
1453 596 1495 627 ad
1516 597 1639 628 auditas
1662 608 1763 636 ‘'⁰⁰0⁵-

139 655 243 697 Exit
257 654 300 694 in
322 653 530 695 aethereas.

137 711 253 755 Ante
274 711 420 752 Jovem
443 711 583 765 passis,
613 712 724 752 stetit
744 710 957 760 invidiosa,
979 710 1149 766 capillis.

136 771 292 821 Proque
312 781 398 806 meo
414 781 432 799 a
447 768 533 806 veni
551 769 715 819 supplex
735 768 818 812 tibi,
839 768 1006 820 Jupiter,
1032 770 1168 820 inquit,
1300 819 1308 825 1
1415 818 1427 830 x
1610 821 1618 828 ²
1665 822 1673 829 .
1698 822 1706 829 ι

677 822 718 859 Si
737 821 842 860 nussa
861 829 919 860 est
933 822 1058 873 gratia
1075 818 1219 869 man-13,
1235 825 1324 850 stetit
1355 826 1428 851 ante
1465 821 1580 852 Jovem
1608 822 1763 853 lnvidsosa

139 823 348 874 Sanguine,
369 835 516 873 proque
536 829 616 859 tuo.

138 876 251 918 Nata
271 884 432 931 patrem
454 883 642 916 moveat:
665 889 747 915 neu
775 875 827 915 sit
846 874 923 915 tibi
944 890 1056 926 cura,
1079 890 1222 930 preca-

594 651 659 694 Ibi
681 661 769 696 toto
790 653 933 694 nubila
955 654 1071 695 vultu

1170 662 1219 697 51
1239 650 1301 682 que
1315 640 1377 671 fuit
1401 640 1457 671 diu
1473 641 1583 672 similis
1595 643 1734 674 attonitae
1751 656 1763 676 t

1239 691 1338 726 utque
1352 686 1489 716 amentia
1503 693 1550 717 est
1573 688 1676 728 gravis
1690 688 1763 727 pul-

1240 739 1274 760 sa
1297 730 1385 770 gravi
1410 730 1538 769 dolore;
1573 732 1637 763 exit
1662 734 1762 763 curri-

1239 775 1298 805 bus
1323 774 1357 806 in
1386 776 1534 807 aethereas
1559 787 1661 808 auraS.
1709 777 1764 809 Ibt

1238 864 1348 895 nubila
1361 871 1427 895 toto
1441 865 1530 896 vultu
1553 867 1650 905 passis
1663 867 1763 907 capil-

1237 908 1284 939 lis.
1324 909 1396 945 Que
1417 910 1530 950 inquit,
1545 911 1683 951 Jupiter,
1705 923 1761 944 ve-

136 934 274 975 Vilior
286 933 410 983 illius,
433 931 544 987 qubd
565 941 709 974 nostro
725 944 785 974 est
797 931 909 973 edita
923 943 1059 987 partu.
1087 937 1219 985 [mur‚
1237 954 1271 984 ni
1286 954 1416 994 supplex
1432 955 1488 988 tibi
1511 965 1569 994 pro
1593 966 1666 987 meo
1687 967 1761 988 san-

137 993 220 1030 En!
250 991 410 1042 quaesita
429 990 495 1027 diu
515 990 670 1027 tandem
689 990 782 1027 mihi
802 997 893 1028 nata
911 999 1065 1042 reperta
1084 993 1166 1029 est:

138 1045 183 1087 Si
205 1044 387 1099 reperire
406 1057 542 1093 vocaS,
563 1044 752 1084 amittere
774 1043 948 1085 cei-tisis:

875 1099 1003 1152 Qubd
1024 1112 1145 1157 rapta
1164 1103 1221 1167 fe-

138 1103 254 1145 Scire
275 1101 346 1143 ubi
367 1101 432 1151 sit,
468 1102 649 1156 reperire
678 1116 813 1142 vocas,

305 1174 457 1209 remus,

1236 999 1343 1039 guine,
1370 1009 1488 1040 proque
1510 1006 1575 1031 tuo.
1632 1001 1666 1032 Si
1686 1012 1761 1043 gra-

1167 1052 1189 1087 5
1196 1052 1218 1087 8
1235 1044 1281 1074 tia
1315 1044 1424 1075 matris
1463 1051 1510 1075 est
1554 1045 1650 1083 nulla,
1686 1053 1761 1079 nata

1236 1095 1360 1119 moveat
1399 1095 1540 1128 patrem:
1596 1101 1762 1130 precamur

981 1052 1051 1085 aut
1074 1045 1106 1085 si

1237 1143 1300 1164 neu
1326 1144 1402 1164 cura
1423 1134 1510 1164 illius
1531 1135 1570 1165 sit
1587 1135 1678 1166 vilior
1691 1137 1761 1173 tibi,

1049 1164 1220 1212 [lnffl'ltO
1236 1176 1321 1218 qudd
1344 1185 1390 1209 est
1413 1179 1496 1210 edita
1518 1185 1624 1210 nostro
1652 1188 1759 1220 partu.

134 1216 382 1262 Dummodb
402 1216 551 1258 reddat
571 1232 660 1258 eam
679 1233 689 1267 ς
719 1232 854 1273 neque
874 1218 983 1259 enim
1006 1217 1201 1272 praedone
1238 1222 1313 1254 En!
1345 1230 1419 1254 nata
1444 1223 1500 1253 diu
1525 1225 1655 1265 quaesita
1678 1227 1759 1257 mihi

135 1276 244 1318 Filia
264 1275 391 1332 digna
411 1283 484 1316 tua
503 1284 575 1322 est,
598 1276 631 1316 si
645 1276 733 1330 jann
754 1291 848 1316 mea
863 1275 949 1316 filia
969 1275 1097 1331 digna
1117 1284 1190 1317 est.

1234 1267 1362 1298 tandem
1384 1274 1431 1302 est
1452 1276 1596 1307 reperta:
1619 1270 1646 1300 si
1669 1281 1761 1302 vocas

1234 1312 1376 1352 reperire,
1430 1312 1544 1344 certius
1589 1315 1732 1346 amittere
1747 1327 1758 1348 z

134 1334 300 1389 Jupiter
315 1334 500 1387 excepit:
527 1333 761 1379 Commune
782 1343 842 1374 est
861 1334 1012 1389 pignus
1033 1347 1219 1389 onusque
1234 1364 1290 1388 aut
1315 1357 1342 1387 si
1371 1367 1461 1389 vocas
1496 1358 1638 1398 reperire,
1679 1361 1760 1392 scire

137 1391 250 1433 Nata
265 1390 367 1432 mihi
387 1400 521 1432 tecum
541 1408 553 1432 ε
574 1391 644 1432 sed
665 1391 697 1431 si
719 1390 845 1432 modo
863 1391 1034 1431 nomina
1053 1391 1177 1432 rebus
1234 1402 1289 1432 ubi
1304 1402 1356 1432 sit.

133 1449 306 1491 Addere
335 1463 433 1490 vera
453 1448 601 1503 placet,
624 1449 811 1495 nonhoc
831 1449 983 1503 injuria
1002 1448 1171 1499 factum,

134 1506 294 1549 Verum
310 1509 327 1538 b
340 1521 458 1548 amor
479 1514 564 1556 est3
599 1521 734 1562 neque
754 1507 833 1548 erit
852 1506 972 1547 nobis
1001 1520 1130 1562 gener
1150 1506 1220 1555 ille

303 1564 469 1620 pudori,

134 1621 205 1663 Tu
224 1623 351 1664 modo
372 1622 484 1664 Diva
503 1621 616 1663 velis.
659 1621 721 1663 Ut
740 1621 878 1663 desint
898 1629 1043 1663 caetera
1055 1636 1066 1670 ς
1088 1636 1216 1677 quan-

304 1689 393 1723 tum
415 1688 476 1721 est

134 1736 235 1778 Esse
263 1738 380 1779 Jovis
414 1735 614 1779 fratrem!
664 1736 794 1787 Quid,
828 1736 941 1792 quod
971 1751 1048 1778 nec
1069 1745 1366 1793 ctaeteranomina
1406 1762 1506 1798 rebus,

303 1796 466 1845 desunt,

133 1852 223 1894 Nec
239 1853 349 1894 cedit
369 1853 448 1893 nisi
469 1861 578 1893 sorte
600 1851 734 1893 mihi?
768 1851 850 1894 Sed
871 1859 986 1893 tanta
1007 1852 1162 1907 cupido

1406 1402 1556 1433 Feremus
1580 1402 1666 1444 quod
1685 1416 1759 1445 rap-

1236 1453 1277 1482 ta,
1321 1445 1497 1478 dummodo
1526 1447 1635 1480 reddat
1663 1460 1757 1483 eam:

1237 1501 1339 1532 neque
1353 1492 1439 1522 enim
1453 1499 1509 1522 tua
1523 1492 1588 1525 filia
1602 1499 1648 1524 est
1661 1494 1759 1535 digna

1236 1537 1352 1566 marito
1372 1536 1528 1576 praedone,
1552 1538 1579 1568 si
1601 1549 1671 1569 mea.
1693 1540 1759 1571 filia

1164 1571 1218 1607 65
1231 1581 1301 1620 jam
1317 1588 1363 1611 est
1376 1581 1481 1623 digna.
1526 1582 1652 1622 Jupiter
1666 1594 1758 1615 exce-

1236 1626 1296 1664 pit:
1327 1626 1411 1656 Nata
1432 1633 1478 1657 est
1499 1637 1668 1659 commune
1686 1630 1756 1671 pig-

1236 1680 1297 1700 nus
1312 1681 1453 1712 onusque
1467 1671 1546 1701 mihi
1560 1679 1665 1703 tecum
1678 1686 1687 1705 ι
1703 1675 1758 1705 sed

1235 1715 1262 1750 si
1299 1713 1394 1746 mod&
1423 1716 1525 1756 placet
1548 1717 1660 1748 addere
1686 1730 1758 1750 vere.

1546 1763 1605 1792 hoc
1635 1762 1756 1795 factum

1237 1815 1301 1834 non
1316 1810 1362 1835 est
1376 1804 1499 1845 injuria,
1523 1816 1634 1837 verum
1648 1818 1736 1839 amor
1748 1821 1757 1839 :

1235 1860 1337 1889 neque
1366 1849 1419 1879 ille
1449 1861 1545 1890 gener
1584 1851 1642 1881 erit
1667 1854 1758 1884 nobis

1236 1894 1356 1934 pudori,
1380 1893 1475 1925 mod&
1501 1902 1537 1925 tu
1564 1896 1647 1926 Diva
1671 1898 1756 1929 velis.

133 1937 180 1967 Ut
196 1944 307 1968 caetera
322 1938 433 1975 desint,
461 1946 616 1978 quantum
631 1944 677 1968 est
691 1947 757 1968 esse
772 1937 899 1968 fratrem
915 1938 1002 1969 Jovis
1017 1938 1023 1969 ἔ
1053 1937 1140 1973 Quid
1155 1938 1239 1979 quod
1256 1949 1311 1968 nec
1327 1944 1437 1970 caetera
1452 1939 1574 1977 desunt,
1595 1951 1653 1972 nec
1673 1942 1754 1974 cedit

130 1981 211 2014 mihi
225 1983 285 2013 nisi
300 1990 381 2014 sorte
391 1984 406 2013 ’ἓ
457 1983 518 2014 Sed
532 1984 557 2016 si
572 1989 660 2014 tanta
674 1981 790 2023 cupido
821 2028 828 2034 ¹
875 2026 884 2031 ,-

723 2038 741 2057 a
758 2037 859 2058 venio.

996 2029 1012 2057 h
1027 2028 1134 2058 honor.

852 2125 1023 2157 NOTES.

175 2205 228 2232 42.
251 2201 437 2235 Att01¹011ic
450 2206 571 2245 caput.]
600 2206 618 2236 I
642 2207 715 2236 here
736 2205 786 2235 list
808 2215 851 2245 up
867 2215 920 2244 my

130 2247 221 2277 head.

179 2292 407 2334 Desuetaque]
443 2294 531 2332 NeW,
555 2284 665 2326 whichix
689 2296 706 2325 Ι
737 2305 830 2325 never
858 2305 919 2325 saw

131 2336 224 2366 while
238 2337 339 2368 under
354 2339 407 2368 the
421 2341 518 2370 earth.

133 2403 137 2407 ι
174 2385 215 2411 45
249 2382 384 2423 Stygia]
416 2384 458 2414 So
479 2384 558 2423 dee'p
579 2386 647 2415 that
673 2385 689 2414 I
713 2391 797 2415 went
819 2384 918 2415 under

131 2425 281 2457 Tartarus
295 2427 386 2458 itself.
434 2429 510 2468 Styx
532 2430 558 2459 is
578 2440 596 2460 a
611 2431 691 2460 river
705 2430 739 2459 in
753 2431 806 2460 the
822 2430 916 2460 infer-

128 2470 180 2500 nal
206 2471 338 2512 regions.

172 2519 228 2546 46.
249 2516 348 2556 Opaci
363 2517 502 2557 mundL]
532 2518 581 2549 Of
598 2520 652 2549 the
676 2519 818 2555 infernal,
843 2521 915 2550 sub-

128 2565 289 2591 terranean
305 2562 413 2593 world.

173 2608 226 2636 47.
253 2606 410 2646 Polleus.]
445 2607 823 2649 Powerful.—Tyranni.]
875 2609 924 2640 Os

130 2648 235 2681 Pluto.

172 2698 225 2726 48.
243 2696 372 2734 Mater-J
400 2695 502 2727 Ceres.

172 2743 226 2770 50.
244 2740 365 2780 Pulsa]
394 2741 545 2777 Stricken,
569 2741 704 2772 afflicted
730 2742 805 2772 with
831 2750 920 2783 great

127 2793 248 2814 sorrow.

173 2831 227 2861 5!-
245 2829 386 2867 Nubila]
415 2830 483 2866 Sad,
499 2830 706 2870 melancholy.

172 2875 224 2903 52.
243 2873 430 2913 Invidiosa]
470 2875 553 2905 That
584 2875 689 2906 would
712 2877 855 2907 occasion
878 2887 919 2907 an

128 2916 247 2956 enmity
276 2920 415 2949 between
441 2920 494 2950 the
518 2921 665 2957 brothers,
707 2920 833 2960 Jupiter
857 2922 920 2952 and

131 2959 236 2991 Pluto.

174 3007 229 3036 54.
249 3005 356 3044 Nata]
381 3007 565 3049 Proserpine
580 3020 640 3041 was
655 3010 707 3041 the
722 3009 872 3052 daughter
888 3011 924 3042 of

124 3048 251 3090 Jupiter
267 3051 305 3091 by
325 3051 350 3082 C
352 3062 426 3084 eres,

1012 2205 1086 2234 Neu
1110 2206 1157 2241 sit,
1182 2206 1252 2245 δια]
1286 2207 1354 2237 Nor
1379 2208 1451 2237 take
1475 2208 1526 2237 the
1549 2207 1608 2237 less
1631 2218 1700 2239 care
1722 2209 1761 2238 os*

965 2251 1028 2285 her,
1045 2251 1175 2281 because
1195 2251 1209 2280 1
1228 2253 1363 2292 brought
1379 2254 1434 2282 her
1449 2253 1540 2282 forth.

1010 2298 1061 2325 58.
1080 2296 1122 2331 Si,
1138 2296 1212 2334 &ej
1237 2307 1269 2337 q.
1297 2297 1326 2327 d.
1354 2297 1430 2326 This
1454 2298 1480 2326 is
1505 2297 1608 2326 rather
1631 2303 1665 2328 to
1689 2297 1754 2328 lose

964 2340 1040 2369 than
1055 2346 1088 2369 to
1102 2340 1178 2371 find.

1008 2388 1060 2415 59.
1079 2382 1175 2420 Qufid
1199 2393 1295 2424 rapta,
1319 2386 1390 2423 &ej
1417 2386 1499 2416 That
1520 2387 1574 2416 she
1599 2388 1654 2417 has
1673 2389 1751 2418 been

963 2429 1062 2458 stolen
1081 2429 1097 2459 1
1115 2430 1178 2460 will
1201 2431 1351 2470 patiently
1367 2433 1461 2468 bear3
1485 2431 1557 2471 only
1585 2432 1628 2462 let
1657 2431 1752 2463 Pluto

961 2479 1068 2504 return
1082 2473 1138 2504 her
1152 2475 1255 2515 again.

1006 2520 1059 2549 62.
1081 2518 1243 2558 Excepit-J
1272 2520 1418 2559 Repued.
1577 2550 1581 2553 .
1732 2553 1735 2557 ,

1008 2566 1060 2593 64.
1090 2564 1215 2595 Addere
1239 2574 1310 2594 vera
1336 2566 1494 2604 nomina]
1532 2566 1569 2597 If
1597 2577 1661 2607 you
1690 2566 1752 2596 will

963 2607 1151 2650 distinguish
1184 2609 1291 2650 things
1324 2611 1366 2649 by
1399 2621 1511 2650 proper
1544 2622 1663 2650 names,
1699 2612 1761 2642 flii»

964 2662 1037 2691 rape
1053 2653 1079 2682 is
1094 2663 1137 2684 no
1151 2653 1267 2694 injury,
1292 2655 1350 2685 but
1364 2654 1445 2685 love.

1010 2700 1062 2728 65.
1081 2697 1230 2736 Puden-L]
1259 2699 1289 2729 A
1305 2699 1452 2740 disgrace.

1009 2746 1060 2773 66.
1080 2743 1192 2781 Velia]
1233 2740 1312 2774 Give
1346 2752 1475 2776 consent
1506 2746 1554 2775 scr
1574 2745 1641 2776 him
1663 2753 1698 2777 to
1719 2748 1748 2778 b·

965 2796 1023 2816 our
1036 2788 1231 2818 son-in-law.
1618 2786 1622 2787 ⁷

1012 2832 1126 2862 Desint
1139 2833 1278 2871 caetera.]
1323 2834 1465 2874 Suppose
1491 2845 1538 2864 we
1570 2841 1662 2876 grant
1691 2837 1757 2867 that

967 2875 1066 2907 Pluto
1079 2883 1178 2908 wants
1192 2877 1234 2907 all
1248 2878 1354 2919 things
1369 2877 1442 2909 else.

1009 2925 1062 2952 68.
1092 2922 1160 2952 Nec
1183 2922 1292 2965 cedit.]
1338 2923 1405 2953 Nor
1430 2924 1457 2954 is
1485 2924 1581 2955 Pluto
1604 2924 1758 2956 exceeded

964 2967 997 2995 in
1012 2976 1116 3005 power
1129 2968 1171 3006 by
1193 2977 1253 3006 any
1275 2969 1333 2998 but
1355 2968 1488 3005 himself,
1513 2978 1544 2999 to
1566 2970 1669 3001 'whom
1693 2980 1756 2998 tvae

965 3010 1091 3042 allotted
1107 3006 1158 3041 the
1174 3012 1273 3042 better
1287 3019 1356 3052 part
1372 3013 1407 3043 of
1425 3013 1476 3042 the
1492 3012 1599 3046 world.

0 3200 1934 3226 ψ--ῇ-ᾼ-
