1934 3226
88 110 331 147 FAss.qu
645 106 1201 147 .METAMORPHOSEQN.,
1630 92 1732 142 195

92 220 273 277 Gurgite
292 230 386 273 quae
407 214 546 256 medio
567 215 726 256 summa
749 215 870 256 tensis
891 215 1029 256 extitit
1050 213 1156 263 alvo,
1203 213 1528 266 quaepxtititsqmma
1550 216 1620 247 alvo
1635 216 1728 269 tenus

91 277 359 335 Agnovitque
379 273 536 315 Deum.
591 274 679 314 Nec
700 271 867 328 longius
887 273 1014 322 ibitis,
1037 272 1186 327 inquit.
1203 256 1322 331 Ὲὲἶζζ
1353 267 1505 340 ῧῗξιῗῑῑ,
1539 269 1728 338 ‘gggcffifflffi

93 336 192 376 Non
205 340 322 388 potes
335 332 476 372 invitae
487 330 650 371 Cereris
662 344 792 386 gener
800 345 899 371 esse.
963 329 1185 385 Roganda,
1201 344 1341 385 longius.
1390 315 1462 377 NJ„
1487 357 1574 387 potes
1590 362 1654 381 0⁵50
1670 362 1725 392 ge-

89 393 183 430 Non
200 389 386 441 rapIenda
435 388 522 426 fuit.
579 389 696 430 Quod
715 389 747 426 si
776 400 1009 439 componere
1037 387 1185 438 magnis
1202 400 1258 440 ner
1271 390 1392 422 Cereris
1407 392 1523 442 inritae.
1574 395 1727 436 Roganda

90 445 228 486 Parva
248 442 351 483 mihi
372 441 432 483 fas
447 451 530 483 est:
551 450 594 482 et
615 456 680 482 me
701 441 847 482 dilexit
869 441 1053 495 Anapis:
1200 435 1728 524 ἓέῑέςῖἳὲὡϊίὃῖξὲἶῖ·ῃω(ἒῖαῇῖέ

89 502 279 543 Exorata
299 509 452 549 tamen,
474 514 565 549 nec,
588 509 634 540 ut
650 499 755 547 haec,
778 500 978 540 exterrita
990 513 1047 539 nu
1079 499 1125 538 si.
1255 535 1274 548 s,
1299 525 1306 531 -
1395 546 1402 555 ι
1487 527 1510 542 .,
1548 528 1554 533 .
1611 529 1616 534 .
1716 545 1722 550 ι

88 560 236 601 Dixit:
259 568 299 599 et
320 559 362 598 in
383 566 521 612 partes
542 557 724 598 diversas
745 556 916 598 brachia
934 512 1106 598 ῑεηᾶρῗὶε
1130 562 1182 597 35
1200 527 1631 607 ffissgxseizrxgp..1303
1648 539 1726 610 Εἰς,

90 617 280 660 Obstitit.
342 615 474 656 Haud
491 614 602 656 ultra
616 615 752 656 tenuit
776 615 995 656 Saturnius
1016 615 1122 654 iram
1144 630 1153 654 :
1199 615 1346 644 extenua
1373 617 1477 667 nupsi.
1527 617 1662 667 'Dixi-t:
1695 626 1728 649 et

89 673 402 728 Terribilesque
423 673 613 714 hortatus
634 687 775 728 equos,
796 673 840 713 in
861 672 1038 728 gurgitis
1062 673 1144 712 ima
1199 659 1330 742 {233⁵
1359 661 1487 736 gffifffl?
1525 662 1728 738 ¹¹¹Sjtffifi⁵32

91 732 348 830 Contogtum
365 730 503 772 valido
524 738 733 785 sceptrum
754 730 893 785 regale
914 729 1082 770 lacerto.
1199 748 1285 778 haud
1296 755 1401 781 tenuit
1422 729 1502 780 irarh
1525 751 1627 785 uma:
1665 763 1728 793 que

90 789 227 831 Condi
260 790 305 830 it.

366 789 457 830 leta
477 788 586 829 viam
607 788 728 829 tellus
748 788 791 827 in
813 786 1124 836 Tartarafecit,
1170 818 1173 823 Δ
1200 793 1341 824 hortatus
1356 795 1507 826 terribiles
1522 807 1628 837 equos,
1650 807 1726 827 con-

87 846 145 888 Et
165 861 321 902 pronos
341 861 487 887 currus
508 845 646 887 medio
667 854 826 886 cratere
846 845 1015 899 recepit.

1128 850 1184 885 40
1199 836 1281 867 didit
1305 840 1409 879 regale
1430 848 1587 880 sceptrum
1601 848 1726 872 contor-

97 907 124 942 Α
1198 887 1270 912 tum
1301 884 1404 915 valido
1442 885 1557 916 lacerto
1597 887 1631 921 in
1662 887 1727 918 ima

88 933 102 942 Δ
130 913 145 943 t
165 906 312 956 Cyane,
342 911 568 955 raptamque
596 903 736 949 Deam,
769 910 1070 954 contemptaque
1096 902 1183 940 fon·
1198 928 1342 968 gurgitis.
1420 930 1529 961 Tenus
1563 931 1624 961 icta
1653 933 1728 962 fecit

86 959 191 999 Jura
211 959 273 999 sui
295 971 488 1007 moerens,
511 956 811 998 inconsolabile
825 956 987 997 vulnus
1107 957 1184 1007 [tis
1199 971 1283 1002 viam
1305 973 1341 1003 in
1374 974 1511 1012 Tartara,
1550 982 1581 1006 et
1610 978 1727 1016 recepit

86 1017 224 1054 Mente
243 1015 344 1066 gerit
361 1014 493 1060 tacita,
522 1014 780 1065 lacrymisque
799 1013 1011 1052 absumitur
1030 1015 1153 1051 omnis
1173 1026 1315 1062 gpronos
1335 1028 1444 1050 currus
1468 1021 1502 1050 in
1527 1021 1632 1052 medio
1658 1033 1725 1052 cra-

85 1071 139 1107 Et
154 1082 314 1122 quarum
333 1068 460 1106 fuerat
480 1081 661 1118 magnum
680 1068 795 1106 modo
817 1068 985 1114 Numen,
1015 1067 1053 1104 in
1073 1067 1157 1105 illas
1199 1068 1273 1092 tere.
1322 1064 1369 1094 At
1386 1065 1493 1105 Cyane
1509 1076 1641 1117 ¹⁰⁰³?OE
1652 1078 1725 1118 ‘³1³ss

89 1123 352 1164 Extenuatur
365 1137 505 1177 aquas.
568 1121 732 1162 Molliri
747 1121 936 1162 membra
950 1120 1110 1162 videres
1127 1137 1138 1170 ς
1197 1110 1487 1186 Ξῧξὲξοέξῐῗιωζὸ
1499 1122 1727 1187 queerfltusscg‘l'}

87 1180 194 1221 Ossa
212 1182 299 1235 pati
312 1180 472 1227 fiuxus3
495 1192 654 1235 ungues
670 1180 854 1234 posuisse
869 1180 1064 1235 rigorem.
1126 1186 1180 1224 46
1198 1196 1326 1228 solabile
1351 1167 1468 1231 vulniis
1489 1167 1584 1232 'taius
1607 1209 1724 1239 mente,

84 1238 309 1293 Primaque
321 1238 374 1279 de
387 1238 474 1279 totu
486 1237 725 1278 tenuissima
739 1251 912 1293 quaeque
925 1238 1157 1292 liquescunt
1169 1254 1180 1289 3
1197 1251 1259 1292 que
1297 1244 1400 1274 omnis
1426 1247 1602 1277 absumitur
1624 1247 1723 1286 lacry-

86 1295 267 1337 Caerulei
288 1296 435 1345 crines,
463 1296 680 1351 digitique,
703 1304 744 1336 et
757 1309 879 1336 crura
898 1296 1131 1350 pedesque:

84 1353 192 1394 Nam
207 1354 343 1394 brevis
363 1355 405 1394 in
427 1354 584 1409 gelidas
604 1352 802 1394 membris
823 1352 999 1393 exilibus
1019 1353 1153 1395 undas

437 1412 530 1448 Post
557 1411 641 1448 haec
669 1418 912 1462 tergumque,
938 1411 1180 1463 humerique,
1198 1424 1340 1453 membra
1365 1425 1506 1464 molliri3
1553 1437 1622 1457 ossa
1656 1427 1724 1466 pati

85 1411 285 1450 Transitus
308 1419 380 1449 est.

252 1465 454 1520 latusque,

85 1523 345 1578 Pectoraque
364 1523 409 1563 in
430 1532 573 1564 tenues
594 1523 750 1564 abeunt
769 1522 944 1564 evanida
958 1523 1081 1565 rivos

82 1581 280 1636 Denique
309 1595 387 1635 pro
403 1581 496 1621 vivo
512 1581 673 1622 vitiatas
693 1582 894 1637 sanguine
914 1595 1038 1621 venas

83 1639 281 1693 Lympha
301 1638 435 1679 subit:
465 1646 674 1693 restatque
687 1639 792 1679 nihil
813 1638 925 1694 quod
946 1638 1151 1693 prendere

1198 1296 1281 1324 mis;
1315 1294 1348 1318 et
1372 1296 1560 1321 extenuatur
1596 1292 1631 1321 in
1654 1292 1723 1322 illas

1197 1341 1293 1372 aquas
1329 1344 1464 1374 quarum
1501 1334 1598 1367 modo
1619 1337 1726 1367 fuerat

1197 1386 1353 1417 magnum
1393 1380 1532 1411 Numen.
1593 1382 1725 1412 Videres

1126 1473 1181 1509 50
1197 1466 1302 1497 fluxus
1311 1479 1322 1506 ς
1345 1479 1469 1510 ungues
1482 1472 1622 1510 posuisse
1637 1472 1723 1512 rigo-

1197 1522 1276 1541 rem.
1305 1513 1379 1548 Que
1390 1525 1522 1556 qumque
1538 1517 1722 1547 tenuissima

1196 1557 1375 1597 liquescunt
1387 1559 1489 1599 prima
1501 1561 1539 1591 de
1549 1561 1614 1592 tota
1627 1574 1636 1599 ;
1659 1572 1720 1591 cae-

1196 1602 1277 1632 rulei
1307 1603 1416 1640 crines,
1454 1605 1554 1646 digiti,
1589 1617 1658 1647 que,
1689 1614 1722 1637 et

1195 1657 1295 1684 crura,
1318 1648 1474 1691 pedesque
1490 1663 1499 1688 ;
1529 1661 1604 1681 nam
1616 1658 1718 1681 trans·

85 1695 252 1737 Interezi
272 1696 434 1750 pavidae
455 1697 730 1752 nequicquam
753 1697 839 1737 filia
860 1697 984 1742 matri
1014 1698 1177 1751 [possis.
1195 1692 1259 1722 itus
1274 1698 1321 1723 θεῖ
1349 1695 1450 1724 brevis
1469 1696 1602 1726 exilibus
1617 1707 1718 1726 mem-

84 1753 293 1794 Omnibus
308 1763 368 1794 est
381 1755 514 1801 terris,
537 1755 652 1794 omni
673 1755 846 1809 quaesita
865 1754 1100 1808 profund03

82 1810 204 1852 Illam
225 1825 310 1851 non
330 1811 466 1852 rutilis
481 1813 649 1852 veniens
665 1814 834 1853 Aurora
849 1811 1008 1866 capillis

80 1868 322 1910 Cessantem
342 1869 458 1919 vidit,
476 1883 562 1910 non
585 1870 816 1925 Hesperus.
858 1869 937 1911 Illa
957 1870 1118 1912 duabus

1194 1737 1257 1767 bris
1286 1738 1321 1768 in
1342 1738 1461 1778 gelidas
1483 1741 1593 1771 undas.
1643 1742 1720 1771 Post

1193 1783 1261 1812 haec
1292 1788 1488 1824 tergumque,
1522 1786 1718 1827 humerique,

1123 1819 1176 1855 56
1194 1827 1346 1869 latusque,
1370 1835 1565 1871 pectoraque,
1586 1829 1718 1861 evanida

1195 1874 1312 1903 abeunt
1334 1873 1368 1902 in
1382 1880 1493 1904 tenues
1508 1876 1597 1906 rivos.
1647 1877 1715 1906 De-

1187 1919 1284 1958 nique
1311 1917 1439 1958 lympha
1476 1921 1559 1951 subit
1593 1922 1716 1951 vitiatas

81 1975 175 1994 venas
192 1975 249 2004 pro
260 1965 331 1995 vivo
345 1966 500 2005 sanguine
517 1979 528 1996 .-
564 1977 626 2007 que
637 1967 717 1997 nihil
731 1973 836 2005 restat,
859 1966 944 2006 quod
959 1966 1058 2006 possis
1081 1966 1243 2005 prendere.
1292 1963 1417 1994 Interea
1436 1964 1502 1995 filia
1524 1967 1655 2006 quaesita
1669 1973 1716 1997 est

78 2009 200 2047 pavidae
215 2010 308 2039 matri
325 2011 533 2050 nequicquam
565 2013 712 2042 ori-nibus
726 2013 823 2048 terris,
848 2011 935 2042 omni
958 2011 1125 2053 profundo.
1172 2016 1296 2041 Aurora
1317 2009 1446 2040 veniens
1469 2011 1572 2042 rutilis
1594 2012 1714 2051 capillis

79 2064 144 2084 saon
160 2053 242 2084 videt
257 2053 345 2084 illam
360 2061 541 2091 cessantem,
566 2066 632 2086 non
650 2057 823 2097 Hesperus.

875 2055 936 2086 Illa

810 2166 979 2208 Norss

120 2277 176 2304 30.
204 2273 337 2312 Deum]
366 2274 472 2307 Pluto.
658 2288 672 2307 ι

123 2322 179 2348 51.
208 2318 429 2358 componere]
456 2320 507 2350 To
522 2331 675 2361 compare,
691 2329 724 2353 to
739 2323 833 2354 liken.

121 2367 178 2393 55.
207 2364 353 2403 Anapis]
382 2365 411 2394 A
428 2364 509 2395 river
523 2366 560 2395 of
582 2367 685 2406 Sicily.

120 2411 175 2438 36.
204 2408 397 2447 Saturnius.]
426 2409 530 2445 Pluto,
553 2411 606 2441 the
624 2422 682 2441 son
692 2412 729 2442 of
743 2412 867 2442 Saturu.

121 2456 176 2484 59.
204 2452 379 2491 Condidit]
422 2453 477 2483 He
507 2456 605 2485 threw
630 2456 656 2486 it
684 2456 759 2486 with
793 2459 869 2487 such

78 2497 171 2533 soree,
203 2498 272 2527 that
302 2498 355 2528 the
379 2504 498 2537 sceptre
527 2509 591 2530 was
624 2500 741 2531 hiddcu
771 2501 872 2532 under

76 2541 211 2583 ground.

126 2586 203 2621 Icta,
227 2586 299 2626 ‹Sec-J
326 2589 396 2619 Τὴε
418 2590 516 2624 earth,
539 2589 635 2630 being
660 2589 767 2620 struck
797 2589 871 2619 with

78 2631 132 2660 the
157 2639 284 2671 seeptre,
319 2634 441 2672 opened
479 2644 514 2664 so
538 2634 627 2670 wide,
657 2636 725 2664 that
750 2634 873 2664 Pluto‘s

78 2676 197 2706 chariat
218 2677 328 2717 passed
353 2678 490 2719 through
516 2684 549 2708 to
575 2680 629 2708 the
658 2679 793 2709 infernal
821 2688 870 2709 re-

76 2729 176 2759 gions.

126 2764 168 2794 In
185 2765 342 2803 Tartara.]
361 2765 409 2796 To
418 2768 470 2798 the
482 2768 616 2799 infernal
630 2769 766 2809 regions»
793 2767 870 2798 Tar-

79 2813 164 2838 tarus
181 2810 208 2840 is
229 2812 283 2841 the
308 2810 486 2843 lowermost
506 2813 568 2843 and
586 2812 711 2843 darkest
734 2812 821 2852 place
837 2812 874 2841 of

81 2861 135 2892 the
144 2862 277 2895 infernal
283 2865 416 2906 regions,
426 2876 461 2896 so
472 2865 570 2897 called
582 2865 620 2896 of
632 2856 868 2906 Telapdyftstb

80 2905 103 2934 i.
120 2915 150 2935 e.
166 2908 297 2939 because
312 2910 354 2940 an
364 2911 472 2951 things
485 2921 538 2941 are
552 2911 639 2941 there
653 2909 687 2940 in
697 2908 870 2949 perplexity

80 2949 143 2980 and
151 2952 328 2983 confusion.

124 2998 177 3025 40.
191 2998 195 3002 '
209 2996 249 3026 In
260 2997 366 3029 medio
386 2999 528 3037 cratere]
556 3000 598 3030 In
621 3000 676 3029 the
699 2997 816 3028 middle
838 2996 876 3027 of

82 3039 134 3068 the
158 3040 327 3080 whirlpool.
383 3043 492 3074 Crater
508 3044 647 3084 signifies
676 3049 732 3073 not
754 3042 829 3082 only
852 3052 871 3071 a

83 3083 179 3115 vessel
194 3086 250 3117 but
265 3087 318 3118 the
341 3088 458 3129 gaping
473 3088 510 3120 os
520 3090 572 3119 the
587 3089 684 3127 earth,
707 3086 870 3127 especially

917 2282 985 2317 that
999 2287 1055 2312 out
1065 2282 1102 2312 of
1119 2282 1220 2312 which
1229 2293 1248 2312 a
1259 2282 1350 2312 flamc
1359 2283 1514 2322 proceeds

962 2330 1014 2356 42.
1039 2326 1298 2365 Inconsolabile.]
1327 2328 1420 2358 Grief
1438 2329 1505 2358 that
1524 2326 1629 2358 would
1652 2328 1706 2360 ad-

917 2371 976 2402 mit
990 2371 1027 2401 of
1038 2382 1080 2401 no
1094 2371 1295 2402 consolation.

958 2419 1012 2446 45.
1040 2416 1179 2453 Omnis]
1208 2417 1271 2452 All,
1287 2417 1426 2456 entirely.

961 2464 1013 2491 46.
1042 2461 1185 2498 Fluxus]
1214 2461 1329 2492 Others
1351 2462 1439 2492 write
1462 2461 1568 2500 flexus,
1594 2463 1615 2494 i.
1631 2474 1658 2494 e.
1673 2470 1706 2495 to

915 2507 1043 2539 become
1055 2505 1189 2537 flexible.

964 2550 1138 2588 Posuisse-J
1167 2550 1215 2580 To
1223 2550 1301 2579 have
1311 2549 1373 2581 laid
1387 2551 1482 2582 aside.

962 2599 1014 2626 49.
1040 2594 1186 2625 Exilihus
1200 2594 1373 2634 membris]
1401 2596 1498 2626 Small
1508 2599 1672 2629 members.

963 2642 1014 2669 51.
1040 2639 1208 2676 Evanida]
1238 2639 1423 2682 Vanishing,
1468 2643 1604 2682 brought
1618 2650 1651 2673 to
1688 2655 1707 2674 a

916 2683 1109 2714 dissolution.
1401 2683 1403 2685 ¹

961 2732 1014 2760 55.
1042 2729 1213 2769 Restatque
1227 2729 1306 2759 nihil
1320 2730 1405 2769 quod
1418 2730 1568 2769 prendere
1583 2731 1706 2769 possis]

919 2773 1022 2803 There
1052 2784 1114 2803 was
1142 2774 1277 2813 nothing
1305 2773 1362 2804 lest
1382 2775 1420 2804 of
1457 2776 1589 2814 Cyane‘s
1615 2776 1706 2815 body,

914 2818 1017 2848 which
1031 2828 1095 2857 you
1104 2818 1204 2848 could.
1214 2829 1306 2858 grasp
1315 2819 1390 2848 with
1399 2829 1477 2858 your
1492 2821 1599 2850 hands.

960 2866 1012 2893 54.
1040 2863 1144 2900 Filia]
1173 2863 1540 2902 Proserpine.—Matri.]
1569 2865 1672 2895 Ceres.

960 2910 1018 2938 55,
1045 2907 1144 2937 Omni
1159 2907 1339 2946 profundo-J
1369 2908 1424 2938 All
1435 2918 1506 2938 over
1517 2910 1570 2939 the
1586 2919 1647 2938 sea.

960 2955 1011 2982 56.
1039 2952 1157 2984 Rutilis
1171 2951 1318 2990 capillis]
1347 2952 1434 2982 with
1443 2953 1498 2984 her
1512 2953 1614 2993 ruddy
1629 2953 1704 2983 hair,

964 2996 1115 3034 Aurora.]
1143 2996 1211 3025 The
1222 2995 1381 3036 morning.

960 3044 1013 3071 57.
1040 3039 1226 3079 Hesperus]
1253 3041 1322 3071 The
1339 3041 1480 3082 evening.

962 3085 1052 3124 vIlla-J
1082 3085 1184 3116 Ceres.
