1934 3226
109 81 220 116 ΕΑΒ.
249 81 306 115 11.

691 79 838 114 ΜΕΤΑ
846 75 1217 116 ΜΟΒΡΗΟΒΕΩΝ.

1626 64 1730 116 105

110 188 394 245 Agnoscitque
414 200 522 235 suoS,
544 192 585 227 et
605 186 773 227 nomine
790 201 993 242 quemque
1006 195 1172 228 vocatos
1209 190 1408 231 agnoscite&
1428 201 1508 229 suos,
1533 198 1564 224 ct
1579 195 1676 233 poscit
1692 206 1725 246 ‹3-

112 247 251 289 Poscit
270 259 390 300 opem
407 260 417 294 ;
439 242 692 298 credensque
712 257 875 298 parum,
898 245 978 285 sibi
998 246 1190 298 proxima
1208 245 1282 273 P⁰m
1297 242 1419 265 v⁰⁶³t⁰⁸
1440 247 1596 278 quemque
1622 250 1724 269 ’ΜΝ-

280 302 414 358 tangit

111 361 297 414 Corpora
314 375 326 409 ;
357 373 540 401 marmor
560 366 690 400 erant.

752 358 979 408 Avertitur,
995 368 1117 414 atque
1133 360 1191 400 ita
1209 379 1359 399 marmor.

1209 289 1249 309 ne
1263 291 1272 316 ;
1292 290 1353 319 que
1368 290 1479 319 parum
1495 283 1631 316 credens,
1657 290 1725 314 tan-

978 302 1188 356 [supplex,

1208 325 1256 363 git
1278 324 1420 362 proxima
1456 335 1604 365 corpora;
1639 336 1729 359 erant

1420 369 1588 406 Avertitur,
1634 380 1725 412 atque

108 418 389 468 Confessasque
410 429 556 463 manus,
583 417 815 468 obliquaque
835 417 992 454 brachia
1012 418 1187 462 tendens,
1207 413 1338 443 tendens
1353 413 1507 443 confessas
1527 425 1646 451 manus,
1671 420 1725 446 0¹1-

107 471 265 520 Vincis,
289 472 359 520 ait,
379 470 553 512 Persen:
576 485 740 511 remove
756 470 840 511 sera
853 478 1064 519 monstra3
1088 480 1187 511 tuae-

280 542 361 583 que

1208 457 1353 499 liquaque
1368 458 1500 492 brachia,
1528 460 1656 498 supplex
1684 463 1728 492 ait

1208 502 1259 535 ita.
1297 502 1411 532 Persen
1439 502 1554 532 vincis:
1603 515 1727 536 remove

1135 535 1189 569 4¹0
1207 546 1272 577 sera
1293 553 1451 585 monstra;
1475 557 1535 587 que
1560 548 1633 579 tolle
1657 560 1726 579 sax·

109 585 297 624 Saxificos
323 585 462 629 vultus,
504 599 744 637 quaecunque
766 598 822 632 ea,
864 584 968 629 tolle,
995 585 1188 623 Medusae.
1207 592 1294 622 ἰῆς-οε
1321 591 1431 626 vultos,
1470 601 1665 632 quaecunque
1689 604 1725 624 ea

109 639 220 677 Tolle
239 651 388 689 precor.

109 693 305 743 Compulit
325 693 373 730 ad
392 692 547 729 bellum,

96 746 235 786 ,Causa
263 745 336 782 fuit
370 745 514 783 meritis
545 746 679 785 melior
713 754 803 789 tua3

108 799 197 841 Non
219 799 376 836 cessisse
406 800 524 850 piget.

605 693 680 730 Pro
695 695 859 743 conjuge
872 694 1059 729 movimus
1071 705 1189 730 arma.
1233 726 1239 731 .

446 638 535 676 Non
565 653 634 676 nos
669 640 810 683 odium,
840 640 1027 689 regnique
1047 639 1189 689 cupido
1209 642 1271 666 tua:
1300 636 1453 666 Medusoe.
1504 636 1617 667 Precor
1644 638 1726 668 tolle.

1211 681 1285 711 Non
1301 681 1418 716 odium,
1440 691 1500 725 que
1515 681 1629 720 cupido
1656 693 1726 722 reg-

1209 736 1241 755 m
1265 726 1416 764 compulit
1445 735 1502 755 nos
1524 726 1564 756 ad
1600 726 1728 758 bellum.

634 799 640 806 .
674 799 680 806 .
747 801 757 810 ,
797 799 804 807 .
843 753 1016 805 tempore
1045 755 1186 783 nosu’a'
1210 770 1371 800 Movimus
1395 780 1481 800 arma
1498 780 1556 809 pro
1583 781 1728 812 conjuge.

592 799 710 844 Nlhll,
741 813 763 836 ⁰
784 801 1009 843 tornsszme,
1032 806 1171 848 Psaetffl*
1211 815 1281 844 Tua
1296 825 1389 845 eausa
1404 815 1466 844 fuit
1479 815 1588 845 melior
1600 816 1728 851 meritis,

110 853 401 890 Hanc-,mimam
424 853 594 890 concede
615 853 705 888 mibi
727 869 736 896 ;
765 860 832 889 tua
851 859 991 888 caetera
1019 859 1147 889 sunto.

1208 866 1312 889 nostra
1335 865 1481 898 tempore.
1544 860 1637 900 Piget
1664 871 1727 891 non

107 904 231 946 Talia
251 906 405 946 dicenti
429 920 562 960 neque
583 919 691 955 eum,
715 920 838 960 quem
861 919 961 944 voce
982 904 1169 961 rogabat,
1207 905 1346 936 cessisse.
1395 905 1424 934 0
1452 904 1626 940 fortissime,
1653 916 1728 935 cou-

109 961 332 1018 Respicere
349 962 529 1013 audenti,
551 963 692 1014 Quod,
715 964 784 1013 ait,
810 961 1065 1004 timidissime
1090 962 1190 1003 Phi-

276 1035 370 1069 neu,

1207 949 1281 978 cede
1304 949 1381 979 mihi
1410 949 1488 978 nihil
1515 951 1624 988 121·aeth
1648 951 1728 980 hanc

1207 1003 1368 1024 annnam:
1402 1000 1502 1023 cetera
1534 1000 1627 1024 sunto
1664 1001 1728 1025 tua.

1004 1024 1101 1072 [eSt,
1135 1026 1188 1062 40
1212 1038 1336 1069 Dicenti
1366 1038 1448 1074 talia,
1474 1049 1574 1078 neque
1599 1039 1728 1070 audenti

110 1077 166 1119 Et
181 1093 350 1133 possum
372 1077 576 1127 tribuisse,
595 1086 636 1119 et
655 1093 856 1135 magnum
878 1092 1027 1122 munus
1048 1078 1170 1119 inerti
1208 1084 1357 1123 respicere
1384 1094 1458 1113 eum
1484 1093 1578 1124 quem
1600 1086 1729 1124 rogabat

110 1135 225 1179 Pone
245 1145 414 1185 metum,
438 1136 635 1186 tribuam,
656 1137 772 1177 nullo
793 1139 998 1179 violabere
1019 1136 1141 1176 ferro.

105 1193 327 1235 Quinetiam
350 1206 526 1231 mansura
545 1194 644 1231 dabo
664 1205 912 1234 monumenta
930 1207 999 1246 per
1018 1207 1138 1232 aevum
1154 1209 1163 1237 ;

107 1247 240 1302 Inque
261 1247 386 1288 domo
408 1248 539 1287 soceri
556 1262 716 1301 semper
735 1250 975 1302 spectabere
996 1249 1150 1290 nostri:

107 1303 170 1346 Ut
189 1318 279 1344 mea
300 1320 343 1345 se
364 1305 502 1358 sponsi
524 1304 678 1346 soletur
697 1306 879 1363 imagine
900 1307 1066 1360 conjux.

107 1361 233 1407 Dixit,
255 1369 295 1399 et
324 1363 362 1398 in
383 1369 530 1412 partem
552 1363 797 1414 Phorcynida
821 1365 1017 1402 transtulit
1037 1363 1151 1409 illam,

106 1414 176 1460 Ad
198 1430 322 1470 quam
342 1430 383 1455 se
404 1415 569 1469 trepido
589 1416 770 1457 Phineus
792 1418 1028 1458 obverterat
1049 1432 1132 1457 ore.

1207 1139 1290 1163 voce,
1322 1131 1450 1159 Perseus
1467 1128 1521 1165 ait,
1551 1129 1727 1160 Timidissi-

1209 1183 1260 1203 me
1281 1174 1412 1207 Phineu,
1434 1174 1568 1202 tribuam
1590 1175 1675 1214 quod
1697 1180 1728 1204 et

1209 1228 1334 1256 possum
1350 1218 1501 1250 tribuisse,
1526 1224 1557 1247 et
1573 1225 1618 1248 est
1639 1230 1727 1259 mag-

1209 1273 1288 1293 num
1303 1273 1419 1292 munus
1433 1263 1525 1293 inerti
1542 1273 1550 1292 ι
1566 1273 1647 1301 pone
1661 1274 1727 1294 me-

1209 1313 1286 1342 tum,
1318 1307 1470 1337 violabere
1510 1306 1598 1336 nullo
1638 1308 1729 1338 ferro.

1213 1352 1394 1387 Quinetiam
1423 1351 1503 1382 dabo
1525 1359 1730 1383 monumenta

1208 1407 1355 1426 mansura
1368 1407 1422 1435 per
1438 1407 1537 1425 aevum
1550 1409 1559 1433 ;
1576 1407 1636 1435 que
1648 1407 1728 1427 sem-

1208 1451 1264 1479 per
1279 1442 1454 1480 spectabere
1481 1441 1514 1469 in
1541 1440 1635 1470 domo
1657 1452 1727 1471 nos·

1134 1310 1197 1350 53,

108 1471 221 1513 Tum
245 1487 411 1528 quoque
425 1473 594 1513 conanti
616 1488 688 1514 sua
700 1474 1036 1516 flectcrelumina
1054 1476 1193 1516 cervix
1210 1486 1250 1515 tri
1280 1486 1400 1522 soceri3
1445 1491 1480 1514 ut
1510 1495 1581 1514 mea
1612 1487 1729 1526 conjux

106 1529 309 1586 Diriguit,
332 1544 517 1586 saxoque
537 1530 752 1572 oculorum
774 1533 962 1575 induruit
981 1532 1145 1574 humor.

110 1587 194 1629 Sed
218 1596 354 1628 tamen
379 1603 424 1628 os
441 1587 648 1638 timidum,
672 1589 888 1646 vultusque
909 1590 952 1632 in
989 1604 1195 1631 marmore

277 1645 468 1700 supplex,

110 1701 394 1755 Submissaeque
413 1715 560 1749 manus,
585 1703 782 1755 faciesque
803 1704 971 1743 obnoxia
990 1704 1141 1743 mansit.

106 1800 201 1835 mina,
217 1812 278 1841 que
293 1802 408 1833 humor
423 1801 586 1834 oculorum
603 1803 747 1834 induruit
763 1814 848 1836 sax0.

1210 1530 1326 1560 soletur
1363 1540 1396 1559 se
1434 1529 1571 1570 imagine
1611 1531 1727 1568 sponsi.

1214 1575 1313 1609 Dixit,
1337 1582 1368 1604 et
1396 1574 1554 1604 transtulit
1592 1574 1728 1614 Phorcy-

1211 1620 1285 1649 nida
1295 1620 1327 1649 in
1343 1620 1429 1649 illam
1441 1625 1567 1659 partem,
1581 1619 1620 1650 ad
1635 1630 1729 1659 quam

1214 1665 1355 1695 Phineus
1382 1665 1552 1694 obverterat
1567 1675 1599 1694 se
1618 1664 1730 1695 timido

1211 1720 1278 1741 ore.
1327 1710 1411 1740 Tum
1427 1719 1549 1749 quoque
1564 1709 1665 1739 cervix
1682 1710 1729 1741 di-

1207 1755 1309 1795 riguit
1323 1755 1447 1784 conanti
1463 1753 1584 1784 flectere
1608 1764 1663 1783 sua
1679 1754 1731 1783 lu-

899 1804 959 1835 Sed
974 1811 1079 1835 tamen
1095 1803 1244 1835 timidum
1257 1810 1302 1838 05,
1318 1799 1484 1839 vultusque
1504 1798 1641 1839 supplex,
1659 1800 1733 1829 sub-

107 1846 269 1887 missaeque
284 1856 405 1884 manus,
421 1857 483 1888 que
498 1848 632 1880 obnoxia
645 1848 742 1880 facies
758 1849 874 1881 mansit
889 1850 923 1879 in
939 1860 1105 1882 marmore.

824 1977 993 2012 NOTES.

152 2089 205 2118 58.
231 2085 398 2125 Marmor]
428 2087 517 2128 They
532 2099 611 2118 were
625 2088 744 2119 marble
759 2094 886 2119 statues·

159 2132 341 2171 Avertitur-‚J
370 2133 424 2162 He
440 2139 528 2163 turns
542 2133 591 2163 his
603 2144 674 2172 eyes
685 2133 765 2163 from
786 2133 894 2164 Perse-

111 2187 156 2209 us.

154 2223 209 2250 41.
230 2220 376 2250 Saxificos
393 2220 527 2258 vultus]
549 2220 725 2263 Petrifying
741 2224 793 2252 the
808 2222 897 2259 head,

110 2266 240 2304 turning
255 2275 329 2294 men
341 2265 406 2294 into
422 2272 536 2296 stones.
659 2290 673 2310 h

169 2309 400 2349 Quaecunque]
425 2320 466 2340 sc.
490 2311 538 2340 sit.
588 2309 649 2339 For
679 2311 818 2342 Phineus
844 2310 898 2341 did

110 2360 165 2383 not
182 2354 274 2383 know
286 2355 355 2383 who
374 2354 508 2384 Medusa
522 2364 597 2384 was.

154 2401 206 2428 45.
235 2398 406 2438 Conjuge.]
434 2399 494 2429 We
518 2399 631 2439 fought
652 2400 700 2430 for
718 2400 894 2431 Androme-

108 2442 159 2474 da.

154 2491 209 2517 44.
231 2487 333 2518 Causa
345 2488 413 2524 fuit,
431 2486 504 2524 &ej
530 2487 661 2518 Perseus
671 2487 732 2520 had
745 2495 894 2529 asti-ong-

109 2541 145 2562 er
162 2532 245 2572 right
256 2534 296 2572 by
311 2533 360 2562 his
376 2532 514 2566 services,
541 2532 680 2562 Phineus
696 2543 735 2562 an
766 2533 873 2563 earlier
887 2545 895 2570 ;

107 2576 166 2612 for'
197 2577 398 2607 Andromeda
437 2576 498 2606 had
536 2578 614 2607 been
651 2578 827 2608 contracted
864 2583 897 2608 to

110 2621 176 2650 him
202 2621 307 2652 before
340 2622 471 2652 Perseus
494 2621 557 2651 had
586 2622 737 2661 appeared
767 2623 800 2652 in
831 2623 898 2653 that

107 2671 252 2705 country.

152 2713 205 2741 45.
232 2710 306 2740 Non
327 2710 451 2740 cessisse
466 2709 578 2750 piget.]
622 2710 639 2741 Ι
666 2715 776 2749 repent
799 2710 816 2739 1
843 2710 898 2741 did

110 2760 167 2783 not
192 2754 277 2784 leave
308 2754 510 2784 Andromeda
535 2760 567 2784 to
591 2765 663 2794 you.
730 2755 846 2784 Cedere
872 2755 898 2784 is

111 2798 254 2838 properly
269 2805 302 2828 to
316 2810 357 2839 go
383 2810 477 2838 away,
505 2799 567 2828 and
595 2805 626 2829 to
652 2799 723 2839 give
752 2799 838 2837 place
865 2806 898 2829 to

110 2851 130 2870 a
144 2852 322 2883 conqueror.
364 2844 475 2873 Hence
491 2854 537 2872 we
552 2854 613 2882 say,
630 2844 738 2874 cedere
753 2843 815 2878 irae,
833 2844 853 2873 i.
869 2855 896 2873 e.

112 2892 145 2914 to
161 2887 229 2925 give
245 2887 330 2925 place
346 2894 378 2917 to
401 2898 508 2928 anger.
560 2888 680 2922 Hence,
701 2889 741 2926 by
757 2898 776 2917 a
802 2894 899 2918 meia-

109 2930 197 2968 phot,
228 2931 336 2961 cedere
352 2932 438 2962 often
454 2932 593 2971 significs
622 2933 675 2962 the
699 2932 901 2972 transferring

107 2973 144 3002 of
169 2976 372 3012 apossession
398 2986 432 3005 or
460 2977 651 3006 inheritance
676 2976 758 3005 from
783 2986 843 3006 one
866 2983 899 3006 to

108 3018 264 3050 ‘nethen-
297 3019 413 3051 cedunt
443 3021 520 3052 mihi
551 3022 634 3052 bona
662 3030 706 3059 ca,
730 3021 748 3050 i.
778 3031 802 3051 e.
827 3022 900 3061 they

943 2098 1032 2120 come
1048 2094 1080 2118 to
1093 2090 1132 2119 be
1149 2087 1246 2118 mine.
1298 2086 1415 2117 Cedere
1431 2085 1494 2121 lite,
1522 2085 1547 2114 is
1562 2090 1595 2114 to
1609 2084 1730 2113 confess

941 2134 1030 2162 one‘s
1047 2133 1108 2163 self
1119 2139 1151 2163 to
1163 2134 1199 2163 be
1223 2142 1383 2162 overcome
1401 2132 1447 2171 (to
1462 2131 1500 2160 be
1515 2129 1592 2168 cast)
1609 2129 1642 2157 in
1657 2128 1727 2158 law,

945 2172 1064 2208 Cedere
1089 2178 1267 2208 sometimes
1296 2175 1434 2216 signifies
1468 2181 1500 2205 to
1530 2172 1668 2208 succeed‚
1696 2180 1729 2202 as

942 2223 1048 2253 omnia
1063 2233 1100 2252 ex
1117 2223 1269 2252 sententia
1276 2221 1401 2252 cedunt.

987 2271 1040 2298 46.
1068 2267 1247 2304 Animam.]
1277 2267 1335 2305 My
1352 2265 1415 2295 life.

988 2315 1040 2344 49.
1069 2312 1083 2341 Ι
1089 2310 1194 2351 nerei]
1224 2311 1272 2341 To
1288 2309 1434 2341 cewards.

986 2360 1040 2387 50.
1071 2356 1157 2394 Pone
1184 2356 1330 2393 metum]
1370 2354 1447 2384 Fcar
1473 2358 1540 2383 not.

941 2401 1051 2439 speaks
1063 2402 1147 2430 these
1161 2400 1231 2430 four
1246 2411 1345 2430 verses
1360 2398 1527 2436 ironically.

986 2449 1037 2476 51.
1069 2439 1306 2484 Monumenta]
1340 2445 1365 2474 A
1382 2447 1577 2477 monument,
1595 2441 1675 2481 sign.

1594 2352 1728 2382 Perseus

986 2493 1040 2520 54.
1057 2489 1293 2528 Phorcynida]
1336 2488 1479 2523 Medusa,
1506 2489 1558 2517 the
1574 2486 1728 2526 daughter

941 2535 978 2564 of
993 2534 1139 2564 Phorcus.
1592 2545 1597 2548 ·

986 2582 1041 2611 55.
1070 2577 1274 2615 Obverterat]
1307 2577 1382 2608 Had
1398 2575 1520 2607 turned.

970 2655 973 2657 Α
988 2624 1124 2662 Trepido
1139 2634 1190 2662 ore
1205 2624 1219 2662 ]
1243 2622 1327 2653 With
1344 2633 1362 2653 a
1376 2621 1489 2653 fem-ful
1504 2625 1727 2651 countenance.

987 2672 1038 2700 56.
1067 2668 1227 2706 Flecterc.]
1265 2667 1312 2697 To
1327 2672 1401 2696 turn
1428 2666 1476 2696 his
1492 2675 1571 2704 eyes,
1596 2665 1664 2694 that
1688 2664 1727 2693 he

942 2713 1042 2752 might
1058 2719 1113 2742 not
1124 2723 1173 2744 see
1189 2715 1240 2743 the
1258 2712 1337 2742 head
1353 2712 1389 2742 of
1401 2710 1546 2741 Medusa.

988 2761 1040 2788 57.
1068 2757 1233 2800 Diriguit]
1262 2754 1494 2787 Becamehard.

989 2801 1138 2831 Induruit
1153 2803 1254 2839 saxa]
1281 2800 1452 2831 Hardened
1468 2799 1534 2829 into
1549 2804 1646 2828 stone.

989 2846 1163 2876 Oculorum
1189 2845 1327 2884 humen]
1361 2845 1438 2876 Tne
1467 2853 1540 2882 very
1566 2849 1631 2873 tear
1668 2851 1731 2870 was

945 2890 1085 2930 changed
1100 2890 1166 2920 into
1182 2886 1307 2921 mathie.

990 2938 1042 2966 59.
1073 2935 1241 2972 obnoxia]
1272 2932 1433 2974 Dejected,
1456 2932 1557 2973 lou-ly,
1575 2942 1606 2963 as
1622 2929 1730 2961 efen·

944 2979 1015 3009 who
1026 2989 1088 3010 was
1103 2976 1321 3020 supplicatim&

908 3065 1001 3115 Bb
