1912 3182
108 132 220 168 FAB.
244 132 297 166 11.

683 132 829 167 ΜΕΤΑ
839 132 1114 168 MORPHOSE
1122 136 1154 168 Ω
1162 133 1215 169 N.

1630 121 1739 172 549

109 243 283 292 Quaeque
299 239 399 278 sitim
415 238 598 284 tulerant,
612 245 789 289 stagnata
804 239 1008 291 paludibus
1024 240 1196 279 hument.
1215 253 1348 284 quaeque
1359 243 1737 282 tulemntsitim‚hument

112 296 199 336 Hic
220 295 354 335 fontes
380 292 536 341 Natura
557 294 852 342 novos,emisit‚
876 303 918 335 at
938 293 1021 334 illic

114 353 285 396 Clausit;
314 359 352 389 et
371 350 536 401 antiquis
552 363 570 381 a
584 363 772 389 concussa
791 351 1021 389 tremoribus
1042 350 1144 389 orbis

1216 294 1357 328 stagnata
1363 290 1536 328 paludibus.
1553 292 1618 323 Hic
1626 302 1738 324 natum

1217 333 1320 362 emisit
1347 344 1441 365 novos
1475 336 1585 371 sontes,
1617 345 1650 368 at
1672 338 1736 369 illic

1216 376 1328 407 clausit
1345 389 1352 407 ι
1378 385 1408 409 et
1424 379 1555 411 flumina
1569 383 1736 421 prosiliunt

116 405 309 448 Flumina
323 404 556 458 prosiliunt;
579 414 650 445 aut
671 413 878 446 excaecata
894 405 1092 446 residunt.
1115 409 1197 450 272
1214 431 1364 452 concussa
1389 425 1525 465 antiquis
1550 428 1738 459 nemoribus

114 464 183 505 Sic
207 463 275 504 ubi
296 471 462 503 terreno
485 462 618 517 Lycus
634 471 692 503 est
710 472 855 516 epotus
877 462 992 505 hiatu
1007 478 1020 512 3

114 520 286 562 Exststit
302 520 447 573 procul
470 519 581 569 hinc,
604 519 766 575 alioque
783 520 1011 562 renascitur
1027 522 1044 552 ὂ
1056 534 1140 561 ore.

113 578 177 617 Sic
198 577 311 616 modo
331 577 587 620 combibitur;
616 585 721 616 tecto
741 578 856 615 modo
875 579 1030 628 gurgite
1045 578 1173 629 lapsus

111 631 305 669 Redditur
324 630 520 681 Argolicis
540 633 674 680 ingens
696 631 877 668 Erasinus
898 632 935 668 in
955 632 1067 669 arvis.

111 684 167 725 Et
192 684 361 739 Mysum
385 685 612 738 capitisque
632 685 694 725 sui
716 685 900 739 ripaeque
921 686 1071 739 prioris

110 742 359 784 Poenituisse
378 741 529 791 ferunt,
544 753 560 773 θ
578 741 656 782 alifi
678 756 790 782 nunc
810 743 883 792 ire,
910 742 1098 785 Caicum.

112 800 306 841 Nec-non
333 799 518 840 Sicanias
534 799 700 839 volvens
718 801 962 841 Amenanus
983 815 1128 842 arenas

1216 466 1319 503 orbis;
1337 474 1392 497 aut
1407 477 1558 501 excaecata
1582 472 1735 504 residunt.

1221 511 1272 541 Sic
1308 512 1362 542 ubi
1403 512 1509 552 Lycus
1542 522 1590 546 est
1624 524 1736 557 epotus

1217 563 1341 587 terreno
1356 557 1442 588 hiatu
1457 571 1464 595 ;
1494 561 1612 591 exsistit
1627 563 1737 601 procul

1136 635 1171 646 ψ
1218 601 1301 636 hinc,
1349 612 1411 642 que
1459 605 1630 635 renascitur
1672 606 1737 637 alto

1123 645 1143 671 *Ζ
1156 635 1199 672 16
1218 655 1279 676 ore.
1296 646 1346 676 Sic
1358 648 1469 688 ingens
1479 648 1630 679 Erasinus
1641 652 1737 682 modo

1218 691 1419 730 combibitur3
1437 691 1532 724 modo
1546 693 1651 733 lapsus
1659 706 1737 736 gur-

1217 737 1283 776 gite
1297 736 1438 767 redditur
1462 738 1495 768 in
1515 739 1671 779 Argolicis
1685 750 1736 770 ar-

1217 781 1271 810 vis.
1290 781 1334 811 Et
1340 781 1446 812 serunt
1459 783 1589 823 Mysum
1603 784 1738 816 Ca'icum

1215 827 1395 864 poenituisse
1410 827 1457 857 sui
1470 828 1579 866 capitis
1591 839 1652 869 que
1671 831 1738 869 pri-

111 857 236 898 Nunc
250 856 363 905 fluit3
385 857 596 898 interdum
618 858 843 911 suppressis
864 857 1047 899 fontibus
1069 866 1167 899 aret.
1216 870 1279 899 ons
1300 872 1384 910 ripae,
1409 882 1494 902 nunc
1514 873 1559 903 ire
1574 873 1637 903 alia
1658 874 1737 914 ripa.

112 914 488 964 Antebibebatur3
517 928 628 955 nunc
650 916 1014 971 quas-contingere
1035 916 1141 956 nolis

110 971 267 1013 Fundit
293 973 472 1028 Anigros
494 987 644 1026 aquas:
677 980 896 1027 postquam
920 974 1016 1027 (nisi
1031 974 1196 1015 vatibus
1216 1002 1227 1012 ,

111 1029 340 1083 Eripienda
360 1029 480 1082 fides)
502 1030 587 1070 illic
607 1029 745 1070 lavere
767 1030 1026 1071 Bimembres
1043 1035 1198 1082 [omnis

1220 915 1288 945 Nec
1311 926 1375 946 non
1403 918 1588 948 Amenanus
1610 918 1737 949 volvens

1220 959 1357 990 Sicanias
1379 971 1495 997 arenas,
1528 971 1613 993 nunc
1642 963 1735 1002 fluit;

1168 1033 1175 1039 ,
1216 1005 1374 1036 interdum
1399 1013 1465 1037 aret
1486 1006 1625 1038 fontibus
1659 1019 1736 1048 sup-

1216 1050 1338 1088 pressis.
1374 1051 1512 1091 Anigros
1524 1051 1597 1083 ante
1607 1053 1734 1084 bibeba-

109 1087 310 1135 Vulnera,
342 1087 537 1144 clavigeri
558 1102 651 1141 quae
672 1087 824 1128 fecerat
847 1087 1044 1129 Herculis
1065 1103 1197 1130 arcus.
1215 1100 1289 1145 tur-3
1314 1095 1519 1146 nuncusundit
1532 1107 1637 1138 aquas,
1658 1108 1738 1139 quas

111 1144 259 1194 Quid?
292 1145 388 1186 Non
405 1155 448 1186 et
470 1145 674 1200 Scythicis
698 1145 893 1201 Hypanis
913 1145 965 1186 de
986 1147 1196 1189 montibus
1216 1139 1297 1190 ¹²⁰.¹¹⁵
1331 1147 1534 1180 ⁰⁰m¹¹¹g⁰¹e²
1569 1149 1736 1184 P⁰⁵¹qu³¹¹²

278 1211 408 1250 ortus,

109 1260 196 1309 Qui
219 1259 351 1300 fuerat
374 1259 518 1309 dulcis,
536 1259 720 1301 dsalibus
741 1260 910 1302 vitiatur
931 1261 1112 1314 amaris?

1218 1184 1292 1224 (nisi
1304 1185 1407 1214 omnis
1422 1185 1498 1215 fides
1509 1187 1668 1226 eripienda
1680 1199 1735 1219 va-

1215 1228 1312 1267 tibus)
1333 1229 1529 1261 Bimembres
1551 1231 1653 1262 lavere
1669 1233 1735 1264 illic

1214 1273 1352 1308 vulnera,
1376 1285 1446 1314 quae
1470 1286 1560 1306 arcus
1588 1277 1734 1319 clavigeri

1114 1210 1195 1247 ⁶285

110 1317 325 1359 Fluctibus
346 1318 514 1358 ambitae
534 1318 697 1359 fuerant
719 1318 903 1367 Antissa,
940 1319 1193 1376 Pharosque,
1217 1317 1367 1348 Herculis
1379 1320 1498 1350 fecerat.
1532 1321 1639 1356 Quid?
1657 1323 1734 1354 Non

108 1375 161 1412 Et
184 1375 378 1412 Phaeuissa
397 1375 541 1425 Tyros;
567 1388 727 1426 quarum
743 1389 846 1414 nunc
862 1377 985 1415 insula
1004 1378 1108 1415 nulla
1123 1386 1193 1416 est.

110 1428 306 1469 Leucada
328 1429 568 1469 continuam
590 1439 746 1476 veteres
767 1429 950 1470 habuere
971 1431 1133 1480 coloni3

109 1486 234 1527 Nunc
257 1485 359 1526 freta
380 1487 607 1529 circueunt.

1213 1368 1243 1392 et
1258 1363 1405 1402 Hypanis
1419 1372 1504 1395 ortus
1518 1366 1558 1397 de
1584 1367 1737 1406 Scythicis

1215 1408 1382 1444 montibus,
1405 1409 1460 1449 qui
1487 1410 1506 1439 s
1504 1417 1590 1441 uerat
1621 1412 1735 1452 dulcis,

1214 1452 1341 1483 vitiatur
1355 1454 1468 1484 amaris
1483 1455 1598 1486 salibus
1610 1457 1623 1485 ?
1662 1458 1734 1488 An-

671 1486 825 1527 Zancle
845 1503 1009 1543 quoque
1033 1490 1179 1544 juncta
1213 1496 1296 1533 tissa,
1315 1497 1506 1539 Pharosque,
1523 1507 1553 1530 et
1572 1501 1736 1535 Phoenissa

110 1543 280 1585 Dicitur
302 1543 462 1584 Italiae:
486 1545 620 1584 donec
641 1544 823 1586 confinia
836 1556 988 1600 pontus

108 1600 298 1643 Abstulit
312 1630 321 1645 ,
342 1611 381 1642 et
403 1601 538 1643 media
556 1602 746 1643 tellurem
760 1604 942 1657 reppulit
956 1604 1082 1645 unda.
1113 1610 1194 1647 292

111 1658 157 1699 Si
176 1672 337 1713 quaeras
353 1658 547 1709 Helicen,
562 1669 603 1701 et
618 1659 751 1701 Burin
775 1661 985 1702 Achaidas
1001 1663 1135 1712 urbes,

110 1716 301 1765 Invenies
315 1717 392 1758 sub
406 1718 538 1772 aquis:
563 1726 603 1758 et
620 1717 756 1758 adhuc
770 1718 986 1760 ostendere
999 1728 1137 1762 nautae

1054 1546 1197 1598 [fuisse
1216 1541 1315 1581 Tyros
1327 1542 1454 1573 fuerant
1477 1545 1602 1576 ambitae
1628 1546 1733 1579 fiucti-

1213 1588 1288 1624 bus3
1315 1588 1403 1618 nulla
1427 1599 1560 1629 quarum
1583 1597 1630 1621 est
1644 1601 1732 1625 nunc

1210 1631 1323 1662 insula.
1372 1633 1500 1664 Veteres
1513 1635 1617 1665 coloni
1631 1637 1732 1668 habu-

1212 1675 1263 1706 ere
1278 1677 1424 1708 Leucada
1431 1680 1612 1710 continuam
1626 1692 1633 1712 z
1645 1692 1732 1714 nunc

1210 1721 1289 1752 freta
1303 1723 1474 1753 circueunt.
1523 1724 1637 1756 Zancle
1651 1737 1732 1767 quo-

107 1773 298 1812 Inclinata
316 1775 442 1812 solent
460 1788 549 1812 cum
568 1775 759 1813 moenibus
779 1777 922 1828 oppida
941 1779 1085 1815 mersis.
1118 1781 1193 1817 5295
1211 1776 1272 1806 que
1287 1767 1401 1798 dicitur
1415 1768 1512 1799 fuisse
1532 1770 1645 1809 juncta
1664 1772 1731 1802 Iffl‘

108 1827 185 1868 Est
206 1842 336 1882 prope
353 1827 547 1870 Pitthean
561 1828 745 1870 tumulus
760 1828 984 1880 Troezena,
1000 1832 1087 1872 sine
1101 1831 1193 1872 ullis

1210 1811 1260 1840 liae
1275 1826 1279 1842 ι
1320 1812 1419 1843 donec
1451 1820 1567 1852 pontus
1602 1816 1732 1847 abstulit

1210 1856 1288 1886 confi
1295 1857 1346 1886 nia
1361 1868 1368 1887 :
1393 1863 1423 1887 et
1437 1859 1574 1898 reppulit
1585 1860 1731 1893 tellurem

108 1885 280 1927 Arduus
297 1885 528 1937 arboribus,
546 1887 757 1942 quondam
772 1888 1011 1942 planissima
1028 1890 1163 1943 campi
1209 1901 1313 1931 media
1330 1902 1425 1932 unda.
1455 1903 1487 1932 Si
1501 1914 1622 1943 quaeras
1635 1906 1732 1937 Heli-

1208 1955 1264 1975 cen
1281 1952 1313 1976 et
1331 1947 1441 1981 Eum,
1462 1948 1618 1979 Achaidas
1627 1952 1730 1987 urbes,

105 1985 245 2016 invenies
260 1987 318 2016 sub
333 1986 440 2026 aquis:
465 1993 495 2016 et
509 1992 615 2015 nautae
637 1987 738 2017 solent
760 1987 920 2018 ostendere
936 1987 1049 2026 oppida
1071 1989 1220 2019 inclinata
1242 2000 1315 2020 cum
1330 1993 1485 2022 moenibus
1499 1994 1617 2024 mersis.
1669 1995 1731 2027 Est

104 2031 248 2062 tumulus
263 2040 358 2070 prope
374 2030 520 2061 Pitthean
535 2031 691 2068 Troezena,
704 2032 821 2063 arduus
831 2031 897 2063 sine
912 2033 982 2062 ullis
994 2034 1161 2069 arboribus,
1173 2035 1333 2074 quondam
1345 2036 1524 2074 planissima
1536 2048 1607 2069 area
1616 2041 1729 2081 campi.

238 2086 258 2105 a
279 2084 436 2106 concussa.
526 2077 543 2106 ὁ
559 2074 658 2108 Orbe.
674 2111 687 2132 k

748 2089 764 2109 c
774 2077 896 2118 aliique
911 2078 1004 2108 exire.

1094 2080 1114 2108 d
1126 2080 1233 2110 —sale
1241 2090 1333 2119 *nunc
1346 2081 1472 2113 vitiatur
1483 2093 1589 2114 amaro
1601 2084 1616 2114 Ρ

844 2186 1012 2218 NOTES.

148 2287 225 2316 269.
251 2281 420 2324 Quinque-J
444 2293 486 2315 sc.
506 2284 612 2315 Terra.

151 2329 308 2368 stagnata.
333 2329 407 2368 δῖα]
454 2329 559 2359 Those
591 2329 692 2360 which
724 2338 805 2359 were
836 2328 895 2369 dry

103 2372 207 2413 places
221 2382 274 2402 are
290 2383 360 2402 now
375 2374 519 2409 marshes
536 2375 630 2414 being
642 2373 734 2405 made
747 2373 897 2416 standing

103 2417 424 2448 writers—flumem
480 2418 575 2449 Grow
587 2419 690 2449 moist.

150 2466 225 2493 271.
253 2461 412 2493 Concussa
427 2463 613 2494 tremoribus
634 2463 741 2506 orbis]
769 2463 895 2494 Shaken

105 2508 147 2547 by
162 2507 375 2547 earthquakes.

152 2555 228 2583 273.
254 2552 312 2586 Sic,
328 2552 398 2590 &ej
427 2551 614 2592 He-proves
640 2553 682 2592 by
697 2553 818 2583 various
841 2563 894 2583 ex-

107 2596 234 2635 amples.
270 2597 337 2626 that
368 2607 463 2636 many
484 2598 581 2627 rivers
613 2597 792 2628 sometimes
825 2597 896 2627 flow

105 2641 223 2680 visibly,
247 2641 311 2671 and
325 2641 503 2671 sometimes
519 2642 690 2680 disappear.

151 2685 284 2726 Lycus]
312 2686 340 2715 A
354 2686 434 2715 river
447 2688 481 2715 in
496 2687 580 2716 Asia.

150 2733 225 2761 274.
252 2730 344 2767 Ore.]
372 2731 441 2760 The
455 2740 603 2761 common
617 2730 747 2771 reading
761 2731 788 2761 is
803 2732 893 2770 orbe;

107 2773 170 2804 and
185 2775 286 2805 which
301 2774 414 2805 indeed
428 2775 455 2804 is
469 2785 487 2804 a
501 2785 574 2814 very
587 2776 712 2806 ancient
726 2785 795 2805 one.

154 2821 229 2849 275.
253 2819 431 2857 Erasinus]
459 2820 489 2849 A
505 2820 586 2849 river
600 2821 636 2850 ot'
653 2819 796 2850 Arcadia.

154 2865 228 2893 277.
254 2863 410 2902 Mysum]
447 2864 473 2893 A
497 2864 578 2894 river
599 2865 637 2895 of
656 2865 769 2904 Mysia,
794 2865 894 2895 which

109 2906 205 2946 being
227 2907 399 2938 swallowed
423 2918 467 2947 up
489 2909 530 2948 by
554 2910 606 2938 the
629 2910 723 2944 earth,
756 2909 818 2939 and
841 2910 894 2939 the

107 2948 218 2980 course
240 2951 302 2981 and
335 2961 429 2982 name
450 2952 545 2994 being
567 2953 717 3007 changed3
746 2953 773 2983 is
796 2953 895 2984 called

89 3003 92 3006 ’
111 2995 236 3025 Caicus.

152 3043 216 3070 279
269 3041 468 3084 ammianus]
521 3067 524 3069 Α
574 3043 657 3074 river
688 3043 756 3075 that
777 3044 896 3074 washes

115 3082 252 3123 Catania,
265 3085 448 3118 mentioned
462 3087 504 3128 by
518 3086 636 3119 Strabo.
696 3084 701 3088 '

983 2289 1059 2316 282.
1089 2286 1252 2327 Anigros]
1280 2287 1310 2317 A
1330 2287 1410 2319 river
1425 2289 1462 2319 of
1472 2289 1697 2330 Peloponnese.

983 2335 1056 2361 284.
1072 2331 1304 2369 >Bimembres.]
1343 2333 1412 2374 ¹The
1441 2335 1602 2373 Centaurs,
1625 2339 1726 2374 which

937 2385 989 2405 are
1003 2375 1074 2405 half
1085 2386 1170 2413 men,
1182 2377 1242 2406 and
1259 2377 1328 2409 halt·
1337 2379 1444 2409 beasts.
1513 2393 1518 2396 ·
1577 2413 1582 2417 ,

983 2423 1056 2450 287.
1085 2421 1274 2459 Fluctibus]
1318 2422 1509 2465 Pythagoras
1532 2424 1636 2462 infers,
1658 2428 1728 2460 that

936 2465 989 2494 the
1015 2465 1186 2495 Continent
1221 2467 1368 2505 proceeds
1388 2468 1471 2499 from
1498 2469 1627 2504 Islands.
1663 2472 1728 2503 and

939 2508 1063 2539 Islands
1071 2510 1153 2539 from
1165 2511 1218 2540 the
1234 2511 1414 2543 Continent.
1452 2514 1512 2544 For
1527 2515 1653 2546 Antissa
1664 2526 1728 2547 was

936 2564 1014 2584 once
1029 2564 1069 2583 an
1084 2555 1193 2590 island,
1222 2555 1340 2586 Pharos
1363 2568 1403 2587 an
1423 2558 1579 2590 islandia
1608 2561 1726 2602 Egypt,

935 2598 997 2628 and
1016 2599 1115 2638 Tyros
1131 2609 1192 2629 was
1202 2599 1312 2639 joined
1326 2607 1359 2632 to
1378 2602 1557 2638 Phoenicia„

985 2644 1151 2686 Ambitae.]
1178 2644 1421 2684 Encompassedr
1429 2647 1541 2679 round.

981 2691 1055 2719 289.
1087 2689 1262 2727 Leucada}
1285 2690 1362 2720 This
1376 2702 1439 2722 was
1464 2693 1624 2732 separated
1645 2693 1729 2728 stom

936 2732 989 2762 the
1007 2732 1179 2763 Continent
1190 2735 1231 2772 by
1246 2744 1332 2765 mere
1346 2736 1464 2767 Iabour.

982 2780 1056 2808 290.
1083 2778 1222 2816 Zancle]
1250 2779 1328 2809 This
1341 2781 1368 2811 is
1381 2791 1454 2812 now
1465 2780 1565 2814 called
1577 2782 1730 2816 Messina.

938 2820 995 2851 See
1014 2821 1087 2853 Lib.
1108 2824 1133 2851 λ
1145 2822 1204 2852 lv.
1226 2833 1284 2853 ver.
1301 2827 1333 2854 3.

981 2869 1055 2897 296.
1090 2865 1266 2906 Pittheam]
1291 2868 1361 2899 Tbe,
1376 2875 1510 2910 country
1525 2872 1562 2902 of
1573 2872 1729 2911 Pittheus,

935 2911 987 2940 the
1012 2911 1114 2941 father
1138 2912 1171 2941 ot
1193 2911 1315 2943 AEthra
1367 2914 1498 2946 Tmen
1519 2917 1546 2947 is
1568 2927 1587 2947 a
1610 2917 1673 2957 city
1694 2919 1734 2948 of

937 2954 1163 2994 Peloponuese.

979 3003 1054 3031 ⁸298.
1083 2999 1278 3039 Horrenda]
1305 3001 1512 3035 wonderous.

979 3047 1054 3075 299.
1085 3044 1104 3073 Ὤ
1112 3044 1138 3074 is
1154 3045 1247 3084 fera}
1275 3046 1344 3080 The
1352 3047 1477 3081 terrible
1488 3048 1635 3081 violence.

982 3088 1108 3135 Caecis]
1136 3089 1278 3126 Hidden.
