1912 3182
75 100 189 136 ΕΑΒ.
215 98 267 133 V.

616 93 1147 132 METAMORPHOSEQN.

1595 83 1700 134 481

78 207 227 263 Teque
246 212 433 262 gemunt,
450 204 594 262 virg03
615 212 738 259 teque
751 203 778 244 ὁ
791 202 918 246 modo
932 204 1048 260 regia
1063 219 1163 245 con·
1184 207 1266 243 Que,
1281 207 1378 249 virgo,
1394 213 1528 248 gemunt
1545 215 1595 246 te;
1612 215 1706 249 mque

85 266 219 322 Regia
234 264 344 305 dicta
360 276 523 318 parem,
544 262 656 303 Asiae
669 262 854 303 florentis
871 262 1033 318 imago:
1051 265 1069 313 [
1071 263 1163 318 jux,

85 323 210 365 Nunc
226 321 349 363 etiam
370 319 527 375 praedae
548 320 657 360 mala
673 334 782 363 sors:
804 334 930 375 quam
947 321 1080 360 victor
1103 320 1162 362 U-

252 378 378 434 lysses

1180 251 1201 283 ὃ
1227 250 1321 282 modo
1352 252 1435 283 dicta
1459 252 1546 294 regia
1578 253 1707 294 conjux,

1181 297 1268 337 regia
1292 307 1411 336 parenS,
1439 298 1545 338 imago
1568 297 1708 329 florentis

1186 341 1291 380 Asiae3
1315 351 1401 372 nunc
1425 343 1520 372 etiam
1543 342 1627 373 mala
1641 353 1707 373 sors

1023 381 1166 432 [partu
1182 386 1296 425 praedae
1313 397 1321 416 :
1345 397 1440 426 quam
1459 387 1555 417 victor
1581 387 1710 427 Ulysses

85 436 186 478 Esse
224 450 341 477 suam
375 434 520 485 nollet,
560 435 639 475 nisi
670 434 784 491 quod
814 443 955 477 tamen
978 434 1169 477 Hectora
1185 430 1282 461 ⁰⁰¹1?ss
1313 441 1378 460 ⁸⁵⁵⁹-
1409 442 1508 466 SU³¹¹³›
1532 431 1592 462 ”3⁵1
1620 430 1707 473 ΨΜ

85 493 300 536 Edideras.
318 492 553 534 Dominum
567 494 691 534 matri
707 494 776 535 vix
791 493 974 548 repperit
992 492 1168 534 Hector.

1184 482 1291 506 tamen
1316 475 1456 505 edideras
1483 476 1623 506 Hectora
1636 487 1708 516 par-

1185 527 1230 551 tu.
1285 520 1407 551 Hector
1421 520 1472 549 vix
1498 520 1631 559 repperit
1651 521 1708 551 do·

85 551 195 600 Quae
215 565 367 605 corpus
386 551 606 606 complexa
627 552 779 592 animae
792 560 877 593 tam
897 550 1013 592 fortis
1029 551 1166 601 inane,
1185 564 1309 596 minum
1323 565 1416 595 matri
1452 565 1534 600 Quae
1548 566 1712 604 complexa

85 608 205 658 Quas
225 609 345 650 toties
365 609 513 663 patriae
533 608 718 659 dederat,
737 609 944 664 natisque3
962 609 1148 664 viroque,
1184 611 1280 641 inane
1288 617 1474 649 corpustam
1486 609 1574 639 foreis
1586 610 1710 646 anima-*2

87 667 205 709 Huic
234 681 400 722 quoque
421 667 494 708 dat
528 667 754 724 lacrymas3
788 667 991 723 lacrymas
1011 667 1054 707 in
1079 665 1168 707 vul-'

257 739 357 765 nera
375 724 524 773 fundit,

1185 656 1240 686 dat
1253 654 1405 695 lacrymas
1419 665 1498 695 quas
1512 655 1602 684 toties
1615 654 1710 685 dede-

1110 725 1119 732 .
1185 706 1234 730 rat
1257 700 1374 740 patriae,
1398 700 1548 740 natisque,
1573 699 1712 740 viroque,

1057 727 1140 780 [glt
1159 740 1167 765 ἶ
1186 755 1311 786 quoque
1326 744 1419 782 huic;
1440 744 1546 774 fundit
1560 744 1714 783 lacrymas

86 781 324 837 Osculaque
339 797 412 823 ore
428 781 550 836 legit:
572 790 851 838 consuetaque
864 790 1034 837 pectora
1051 782 1169 836 plan·
1186 790 1221 820 in
1245 789 1382 824 vulnera,
1413 799 1474 830 que
1500 788 1577 830 legit
1607 788 1714 819 oscula

87 839 356 891 Canitiemque
374 853 481 878 suam
503 848 686 878 concreto
707 841 745 877 in
763 839 951 891 sanguine
969 846 1138 885 verren‘S,
1188 846 1255 865 ore:
1276 845 1337 875 que
1350 834 1471 874 plangit
1482 839 1630 864 consueta
1640 844 1712 872 pec⁶

90 893 217 934 Plura
231 893 413 949 quidem,
429 893 498 934 sed
515 904 556 935 et
570 893 673 943 haec,
691 893 848 935 laniato
861 902 1028 948 pectore
1042 893 1169 934 dixit:

1188 885 1271 909 tora:
1300 890 1362 919 que
1377 889 1501 909 verrens
1523 889 1613 908 suam
1625 878 1712 908 cani—

1189 925 1266 954 tiem
1303 924 1337 953 iu
1376 930 1520 953 concreto
1550 923 1715 963 sanguine,

90 950 200 992 Nata
223 959 306 992 tuae
328 952 445 1017 (quid
467 952 577 992 enim
608 961 794 1006 superest
807 950 843 1004 P)
878 951 999 992 dolor
1028 951 1173 992 ultime
1189 969 1318 1009 quidem
1349 968 1428 998 dixit
1468 968 1566 1007 plura,
1599 968 1653 997 sed
1683 974 1715 997 et

261 1016 384 1049 matri

1118 1015 1172 1051 56
1191 1015 1265 1046 haec.
1293 1014 1410 1043 laniato
1443 1020 1588 1052 pectore:
1632 1012 1716 1042 Nata

92 1066 207 1112 Nata,
223 1068 353 1116 jaees;
382 1066 571 1118 videoque
587 1073 711 1111 tuum,
732 1080 818 1104 mea
832 1067 1003 1113 vulnera,
1025 1067 1174 1104 vulnus.
1191 1059 1303 1089 ultime
1312 1058 1401 1088 dolor
1415 1058 1516 1093 matri,
1530 1057 1630 1099 (enim
1639 1056 1715 1098 quid

92 1119 165 1164 En,
186 1132 235 1156 ne
250 1119 482 1170 perdiderim
502 1133 720 1170 quenquam
741 1120 822 1158 sine
844 1120 950 1158 caede
970 1133 1157 1164 meorum,

1192 1103 1369 1142 superestP)
1394 1110 1475 1138 nata„
1487 1102 1592 1142 jaces:
1609 1102 1716 1132 video-

1191 1159 1253 1188 que
1269 1155 1362 1178 tuum
1377 1148 1499 1181 vulnus,
1525 1157 1595 1178 mea
1606 1146 1717 1176 vulne-

92 1172 162 1214 Tu
181 1187 348 1229 quoque
369 1174 518 1214 vulnus
534 1173 675 1215 habes.
716 1175 776 1216 At
797 1184 850 1226 te,
874 1174 970 1230 quia
991 1173 1173 1223 foemina,
1192 1205 1237 1223 ra,
1287 1193 1339 1222 En
1362 1202 1403 1222 ne
1418 1191 1606 1231 perdiderim
1617 1201 1717 1231 quen-

263 1230 387 1271 rebar
654 1244 676 1251 ⁴

93 1288 135 1329 A
153 1286 265 1328 ferro
284 1297 441 1330 tutam:
464 1288 648 1330 cecidisti
669 1297 710 1330 et
724 1288 895 1330 foemina
914 1289 1041 1330 ferro.

94 1345 262 1400 Totque
282 1355 375 1387 tuos
391 1346 501 1387 idem
518 1346 678 1397 fratres,
701 1356 741 1388 te
762 1346 944 1402 perdidit
965 1346 1089 1396 idem,

94 1402 285 1445 Exitium
307 1404 450 1460 Trojae
471 1405 684 1460 nostrique
699 1405 882 1454 orbator,
903 1404 1101 1445 Achilles.

1192 1248 1288 1279 quam
1312 1247 1458 1267 meorum
1481 1235 1549 1267 sine
1564 1236 1657 1271 caede,
1681 1242 1718 1266 tu

1122 1294 1177 1330 60
1193 1293 1318 1323 quoque
1329 1283 1424 1312 habes
1439 1281 1566 1311 vulnus.
1608 1282 1653 1312 At
1667 1291 1721 1312 re-

1194 1331 1248 1358 bar
1263 1334 1292 1357 te
1308 1333 1422 1363 tutam,
1449 1327 1522 1366 quia
1540 1327 1678 1360 foemina,
1700 1324 1722 1355 ὲ

1193 1374 1292 1403 sen-o:
1315 1379 1345 1402 et
1361 1371 1489 1401 foemina
1505 1371 1642 1401 cecidisti
1657 1371 1721 1400 fer-

1195 1429 1242 1448 ro.
1293 1417 1384 1447 Idem
1413 1416 1554 1446 Achilles
1583 1415 1718 1445 exitium

96 1462 156 1502 At
168 1470 388 1516 postquam
405 1462 554 1503 cecidit
574 1462 736 1513 Paridis
754 1462 984 1517 Phoebique
1002 1461 1160 1516 sagittis
1167 1476 1178 1509 ;
1199 1461 1301 1502 Trojae
1317 1472 1377 1501 que
1393 1463 1516 1491 orbator
1527 1460 1633 1494 nostri,
1648 1470 1720 1498 per-

97 1518 224 1560 Nunc
244 1519 369 1567 certe,
391 1519 493 1569 dixi,
515 1534 601 1560 non
623 1529 684 1562 est
700 1521 945 1561 metuendus
970 1516 1166 1561 Achilles.

96 1575 221 1618 Tunc
242 1577 486 1675 quoqqe·‹mi
507 1577 754 1619 metuendus
783 1587 884 1619 erat.

269 1649 369 1688 sepu
389 1644 418 1676 t1
552 1646 553 1649 ’

96 1691 150 1733 In
179 1706 310 1747 genus
331 1693 411 1734 hoc
442 1693 582 1734 saevit:
615 1692 777 1734 tumulo
793 1707 959 1749 quoque
979 1693 1181 1733 sensimus

654 1751 773 1792 Jacet
796 1751 902 1792 Ilion
925 1751 1094 1806 ingens:

100 1807 347 1863 Eventuque
366 1809 483 1865 gravi
505 1807 623 1848 finita
643 1817 704 1849 est
724 1808 892 1862 publica
912 1808 1062 1850 clades.

100 1747 292 1790 AEaciilae
308 1750 503 1791 foecunda
523 1750 593 1791 fui.

1196 1507 1277 1538 didit
1306 1513 1351 1536 tot
1383 1511 1454 1536 tuos
1480 1505 1600 1538 fratres,
1636 1504 1721 1534 idem

988 1579 995 1585 ,
1034 1578 1042 1585 .
1097 1577 1104 1585 .
1197 1551 1331 1591 perdidit
1345 1558 1387 1581 te.
1432 1552 1475 1580 At
1491 1556 1655 1590 postquam
1671 1560 1723 1579 ce·

947 1578 1065 1618 les
1095 1591 1181 1631 lpse
1197 1597 1275 1627 cidit
1299 1595 1420 1636 sagittis
1449 1595 1571 1625 Paridis
1597 1594 1722 1624 Phoebi-

973 1635 1155 1687 [hostenl
1170 1650 1180 1675 ε
1197 1638 1281 1683 que;
1299 1651 1384 1670 nunc
1395 1639 1487 1676 certe,
1503 1639 1568 1670 dixi
1585 1639 1723 1669 Achilles

1199 1697 1263 1717 non
1273 1691 1318 1716 est
1327 1685 1523 1716 metuendus.
1544 1685 1636 1714 Tunc
1642 1694 1723 1724 quo·

1199 1742 1260 1772 que
1275 1737 1341 1761 erat
1356 1730 1545 1760 metuendus
1557 1728 1613 1759 mi.
1652 1728 1724 1766 Ipse

1200 1776 1278 1806 cinis
1298 1774 1411 1814 sepulti
1432 1775 1517 1804 saevit
1545 1784 1578 1803 m
1593 1778 1651 1803 hoc
1667 1783 1724 1812 ge-

1200 1831 1260 1851 nus
1273 1832 1282 1858 ;
1298 1829 1423 1860 quoque
1437 1819 1592 1848 sensimus
1602 1819 1724 1848 hostem

102 1865 147 1905 Si
163 1864 281 1906 finita
295 1873 445 1907 tamen.
481 1866 566 1907 Soli
587 1865 687 1906 mihi
707 1866 911 1923 Pergama
926 1874 1105 1907 restant:
1130 1872 1182 1907 69
1201 1865 1347 1895 tumulo:
1373 1864 1420 1894 fui
1446 1863 1592 1893 foecunda
1617 1862 1724 1892 AEaci-

104 1922 151 1964 ln
183 1937 389 1978 cursuque
423 1938 539 1964 meus
561 1923 682 1964 dolor
710 1934 783 1966 est.

272 1995 426 2030 rerum,

847 1923 983 1965 Modo
1003 1924 1186 1964 maxima

1202 1911 1261 1940 dae.
1312 1909 1432 1949 Ingens
1450 1909 1534 1938 Ilion
1543 1908 1644 1948 jacet:
1664 1916 1726 1947 que

1202 1954 1327 1995 publica
1342 1953 1443 1984 clades
1457 1959 1504 1983 est
1529 1952 1618 1982 finita
1640 1951 1728 1992 gravi

1203 2006 1326 2030 eventu.
1353 1998 1385 2028 Si
1402 1997 1489 2028 finita
1500 2004 1616 2027 tamen.
1648 1996 1725 2026 Per·

365 2060 458 2091 gama
470 2053 586 2079 restant
601 2045 679 2078 mihi
693 2045 770 2077 soll:
799 2056 861 2087 que
873 2056 962 2076 meus
979 2044 1066 2075 dolor
1081 2051 1127 2075 est
1141 2044 1174 2074 in
1190 2055 1296 2075 cursu.
1345 2041 1445 2073 Modo
1459 2042 1596 2073 maxima
1610 2051 1724 2076 rerum,

845 2122 1012 2154 NOTES.

690 2151 704 2170 k

147 2207 201 2236 45.
226 2204 335 2245 Teque
361 2209 504 2244 gemunt,
527 2203 602 2246 δια]
632 2203 683 2233 An
708 2201 893 2241 apostrophe

103 2258 134 2281 to
162 2250 321 2290 Polyxena
350 2248 414 2279 and
437 2249 580 2283 Hecuba,
603 2249 674 2278 who
696 2257 715 2277 a
737 2245 816 2277 little
837 2247 892 2277 be-

100 2298 168 2327 fore
183 2305 245 2324 was
259 2293 358 2324 called
372 2304 474 2334 queen
489 2294 526 2323 of
541 2293 626 2323 Asia.

148 2344 204 2372 47.
224 2338 343 2369 Praedae
358 2339 442 2369 mala
452 2338 542 2377 sors.]
569 2338 622 2368 An
639 2336 787 2376 unhappy
801 2334 847 2366 lot
862 2334 900 2364 of

103 2385 246 2425 plunder.

148 2434 205 2461 48.
227 2429 309 2466 Nisi,
331 2425 408 2464 &ch
437 2427 515 2457 This
536 2427 564 2458 is
586 2427 638 2456 the
660 2435 770 2456 reason
793 2423 894 2454 which

106 2474 215 2506 moved
237 2475 362 2515 Ulysses
377 2479 409 2503 to
422 2478 528 2511 accept
542 2472 580 2502 of
595 2471 738 2501 Hecuba.

151 2525 203 2551 49.
226 2518 427 2556 Dominum]
454 2517 524 2547 The
552 2523 625 2555 poet
653 2514 809 2556 elegantly
833 2519 895 2544 sets

105 2566 187 2595 forth
203 2566 254 2594 the
271 2563 457 2594 lamentable
472 2560 678 2592 conditiones
692 2560 842 2596 Hecuba3
861 2569 895 2588 as

107 2610 135 2640 if
153 2612 193 2640 he
207 2609 270 2640 had
284 2608 348 2639 said
364 2619 372 2639 :
397 2613 416 2626 ‘⁸
435 2607 496 2637 Illa
506 2606 615 2646 magni
633 2605 782 2635 Hectoris
795 2610 896 2633 mater

107 2654 184 2684 adeo
199 2655 317 2694 abjecta
331 2659 386 2690 est,
413 2659 448 2683 ut
470 2652 520 2681 vix
546 2650 724 2681 inveniatur
747 2648 896 2679 dominus

105 2699 158 2730 cui
172 2699 316 2729 „serviat”

153 2746 206 2775 50.
222 2744 349 2774 Animae
360 2749 425 2774 tam
437 2740 525 2772 fortis
536 2739 657 2778 inane]
677 2736 821 2777 Stripped
833 2735 869 2767 of
881 2746 898 2766 a

110 2788 178 2818 soul
193 2799 227 2818 so
241 2790 342 2818 brave.
814 2791 818 2794 ⁴

154 2835 207 2863 55.
224 2831 468 2872 Consuetaque]
492 2827 700 2860 Accustomed
716 2834 749 2857 to
762 2828 801 2856 be
811 2827 897 2856 beat-

109 2887 150 2907 en
171 2876 232 2908 aud
248 2878 385 2912 smitten,
399 2878 439 2915 by
454 2884 564 2906 reason
578 2873 615 2904 os
626 2874 678 2903 the
693 2872 853 2912 slaughter
867 2869 905 2901 of

108 2923 164 2952 her
178 2931 250 2951 son.
346 2920 500 2960 plangit]
527 2920 588 2949 She
597 2919 701 2948 abeam.

155 2969 211 2997 54.
239 2966 458 3005 canitiemque
477 2973 577 2998 suam,
601 2961 672 3000 δια]
705 2959 777 2992 And
791 2957 901 2990 trailed

111 3012 167 3041 her
178 3021 253 3050 grey
267 3011 351 3040 hairs
365 3010 398 3039 in
413 3009 527 3039 clotted
541 3006 643 3038 blood.

157 3059 207 3086 57.
227 3055 303 3088 Mea
317 3054 474 3092 vulnera]
501 3053 571 3084 The
585 3050 716 3082 wounds
738 3059 789 3081 are
805 3049 900 3079 mine.

981 2203 1036 2230 60.
1068 2197 1189 2228 Paridis
1218 2196 1389 2237 Phoebique
1409 2195 1555 2237 sagittis.]
1590 2194 1730 2226 Achilles

936 2253 999 2274 was
1023 2243 1101 2274 slaiu
1130 2245 1169 2282 by
1186 2242 1283 2277 Paris,
1312 2241 1427 2281 Apollo
1449 2241 1583 2282 guiding
1609 2241 1661 2270 the
1676 2249 1726 2269 ar·

936 2298 1010 2319 row.

982 2337 1035 2364 66.
1062 2331 1103 2362 In
1127 2325 1226 2372 genus
1250 2330 1334 2368 hom]
1365 2330 1499 2371 Against
1525 2329 1587 2359 this
1610 2338 1680 2358 race
1694 2327 1732 2359 of

936 2388 1024 2409 ourS.

983 2420 1148 2459 Tumuio]
1177 2420 1280 2461 Being
1293 2420 1328 2450 in
1342 2420 1391 2450 his
1405 2419 1503 2449 tomb.

983 2471 1035 2498 67.
1054 2465 1217 2502 AEacidae]
1236 2465 1296 2495 For
1311 2464 1450 2494 Achilles
1469 2463 1485 2494 1
1503 2464 1579 2493 have
1590 2463 1727 2503 brought

936 2509 1019 2542 forth
1036 2522 1069 2541 so
1082 2521 1175 2550 many
1189 2510 1337 2540 children.

983 2560 1035 2587 65.
1066 2563 1250 2595 Lventtique
1279 2554 1391 2595 gravi]
1420 2553 1469 2593 By
1495 2564 1514 2583 a
1542 2551 1731 2582 destructive

938 2601 1009 2632 end„

983 2650 1035 2677 69.
1063 2644 1127 2675 Soli
1148 2643 1236 2679 mihi,
1261 2643 1335 2682 δια]
1372 2642 1440 2674 The
1464 2652 1552 2673 sense
1576 2642 1627 2673 is:
1661 2641 1730 2672 that

942 2690 1025 2730 Troy
1040 2690 1067 2719 is
1087 2689 1279 2719 demolished
1294 2696 1328 2718 to
1348 2689 1452 2718 others
1473 2689 1539 2717 that
1560 2697 1612 2717 are
1628 2686 1727 2723 dead;

940 2737 997 2766 but
1013 2736 1037 2765 it
1052 2735 1075 2764 is
1092 2733 1239 2773 standing
1253 2738 1292 2763 to‘
1301 2743 1353 2762 me
1367 2732 1458 2762 alone
1472 2745 1480 2769 3
1505 2733 1527 2761 i.
1546 2741 1571 2762 e.
1587 2732 1641 2762 the
1655 2740 1730 2761 ene-

940 2790 994 2819 my
1013 2778 1107 2819 raged
1131 2778 1254 2818 against
1267 2779 1330 2814 her,
1349 2788 1383 2807 as
1397 2777 1426 2807 if
1447 2777 1531 2817 Troy
1546 2786 1608 2807 was
1623 2774 1731 2806 stand-

941 2825 1003 2865 ing.
1028 2823 1091 2853 and
1103 2824 1155 2852 the
1171 2833 1233 2852 war
1247 2829 1302 2852 not
1313 2821 1431 2852 ended.

986 2872 1038 2899 70.
1062 2868 1104 2898 In
1115 2877 1278 2907 cursuque,
1295 2867 1364 2904 δια]
1381 2866 1441 2906 My
1452 2875 1565 2896 sorrow
1580 2863 1644 2895 still
1655 2874 1731 2895 con—

942 2913 1065 2950 tinues3
1089 2912 1138 2942 for
1151 2912 1176 2942 it
1190 2911 1218 2941 is
1233 2918 1289 2941 not
1301 2910 1413 2941 ended.

989 2954 1092 2989 Modo
1115 2957 1262 2991 maxima,
1289 2954 1364 2993 δια]
1391 2953 1526 2986 Hecuba
1538 2951 1735 2991 moumfuny

943 3006 1209 3034 commemoratos,
1231 3000 1314 3031 from
1329 3001 1414 3031 what
1427 3009 1446 3030 a
1459 3000 1545 3039 pitch
1561 2998 1598 3028 of
1615 2997 1734 3035 felicity

943 3049 998 3078 she
1010 3056 1073 3077 was
1087 3045 1182 3076 fallen
1199 3045 1267 3076 into
1281 3046 1334 3077 the
1344 3043 1470 3085 deepest
1483 3044 1608 3083 misery.

335 3125 353 3133 “
868 3109 1026 3172 Qqq
