1934 3226
205 76 312 142 138

714 87 758 124 P.
798 85 966 124 0V1D11
1003 84 1225 123 NASONIS

1603 87 1705 124 Lm.
1744 90 1814 126 IV.

204 202 309 234 Ambo
322 200 472 233 ardebant
491 209 529 232 ex
548 207 637 241 aequo
651 208 723 251 φρ·
743 195 811 237 Ex
831 209 952 251 aequo
972 195 1103 250 captis
1123 195 1326 237 ardebant
1345 194 1551 236 mentibus
1571 195 1718 238 ambo:

205 246 248 278 ²3⁵
261 247 427 278 mentibus.
459 245 572 276 Omnis
583 253 725 275 ⁶⁰¹²S¹³¹¹¹⁵
744 253 930 292 Conscius
942 253 1064 290 omnis
1076 254 1184 291 abest
1197 269 1209 297 ;
1225 260 1321 291 nutu
1334 252 1529 303 signisque
1541 252 1777 304 loquuntur:

207 295 314 329 abost;
346 290 518 332 loquuntur
548 295 630 320 nutu
661 288 723 328 sig-

205 337 338 377 nisque;
359 345 483 376 quoque
513 333 614 375 magis
644 333 726 373 ignis

205 381 334 422 tegitur,
364 386 464 410 tectus
478 379 578 419 magis
602 382 722 408 aestuat.

701 332 709 339 .
744 308 909 356 Quoque
927 305 1047 356 magis
1067 306 1224 355 tegitur,
1258 313 1385 344 tectus
1410 305 1531 356 magis
1549 313 1687 344 aestuat
1705 307 1819 358 ignis,

746 359 884 400 Fissus
905 366 993 398 erat
1012 359 1126 398 tenui
1146 358 1265 408 rima,
1287 372 1411 414 quam
1432 357 1610 400 duxerat
1628 359 1744 410 olim,
1765 366 1820 402 65

209 425 320 456 Paries
332 423 509 456 communis
523 423 646 462 utrique
668 420 723 451 ‹10-
746 415 855 456 Cum
874 414 1009 463 fieret,
1035 415 1171 468 paries
1190 415 1336 457 domur
1356 416 1587 457 communis
1606 417 1783 472 utrique.

208 469 280 501 mui
299 474 373 505 erat,
405 469 494 499 fissus
515 466 603 498 tenui
636 464 725 501 rima,

208 523 305 556 quam
323 513 455 544 duxerat
476 512 552 542 olim
575 509 648 541 cum
670 509 724 539 fie-

206 565 277 597 ret3
295 558 389 598 (quid
404 569 488 588 amor
510 567 571 586 non
586 556 678 586 sentit
688 553 726 593 Ρ]

206 611 350 634 amantes
372 602 465 642 primi
478 599 597 630 vidistis
622 598 655 628 id
681 598 726 627 vi-

746 471 796 514 ld
817 471 961 512 vitium
982 471 1086 512 nulli
1108 485 1182 525 per
1201 473 1338 513 secula
1357 472 1483 528 longa
1497 481 1685 515 notatum
1698 489 1725 521 3-

746 529 876 579 (Quid
893 542 964 566 non
982 528 1090 566 sentit
1107 542 1211 567 amor
1222 529 1268 576 ἓ)
1288 528 1400 580 primi
1418 529 1564 567 vidistis
1583 538 1767 569 amantes.

749 581 804 622 Et
824 582 914 621 voci
935 580 1086 622 fecistis
1105 581 1184 622 iter
1200 599 1212 623 z
1241 590 1424 636 tutaeque
1436 596 1510 636 per
1530 582 1634 624 illud

208 647 293 678 tium
309 653 452 678 notatum
471 641 551 674 nuni
566 653 620 682 per
634 642 730 682 longa
747 638 949 675 Murmure
967 637 1164 675 blanditiae
1182 638 1338 676 minimo
1357 639 1518 677 transire
1535 641 1721 678 solebant.

1773 642 1826 681 70

209 692 325 723 secula.
373 691 416 721 Et
429 688 544 719 fecistis
562 688 622 717 iter
635 686 703 716 voci
719 697 728 718 ²
750 692 860 741 Saepe
875 699 918 730 ut
930 690 1194 737 constiterant,
1213 691 1303 730 hinc
1317 691 1472 738 Thisbe,
1494 693 1680 743 Pyramus
1699 693 1822 738 illinc;

209 747 273 777 que
302 734 460 766 blanditiae
483 732 622 762 solebant
644 737 729 761 tran-

209 781 273 811 sire
304 786 381 810 tutae
403 788 458 818 per
486 776 566 807 illud
598 773 732 805 minimo

210 834 385 855 murmure.
434 823 521 861 Saepe
535 825 572 850 ut
586 819 730 850 constite-

751 744 883 798 Inque
902 745 1033 784 vicem
1054 743 1188 786 fuerat
1209 753 1396 799 captatus
1416 744 1620 786 anhelitus
1638 747 1744 795 oris;

751 801 896 846 Invide,
917 801 1109 846 dicebant,
1129 802 1266 852 paries,
1282 801 1375 853 quid
1393 801 1608 840 amantibus
1626 804 1755 842 obstas
1770 803 1789 839 Ρ

211 875 293 904 rant,
328 868 443 898 'lhisbe
469 864 551 901 hinc,
578 864 732 904 Pyramus
750 855 947 896 Quantum
967 861 1062 900 erat,
1091 862 1134 892 ut
1153 855 1295 894 sineres
1314 867 1383 893 nos
1402 862 1486 892 toto
1506 868 1665 906 corpore
1682 856 1822 908 jungi?

210 911 300 944 iuinc
313 924 323 950 ;
338 922 400 952 que
414 910 570 942 anhelitus
585 910 646 939 on's
660 908 730 938 fue·
752 910 835 945 Aut
853 907 928 945 hoc
946 907 978 945 si
997 907 1168 954 nimium,
1187 908 1249 959 yel
1263 908 1312 946 ad
1332 908 1463 946 oscula
1482 908 1606 946 danda
1624 916 1773 959 pateres
1789 912 1797 947 !

212 963 264 987 rat
284 963 424 996 captatus
450 956 483 986 in
498 954 597 984 vicem
612 967 621 984 .-
647 952 731 983 dice-

211 1002 298 1037 bant,
326 1000 437 1031 Invide
459 999 559 1039 paries
580 997 657 1038 quid
677 997 731 1027 ob-

212 1051 278 1076 stas
308 1044 507 1076 amantibus?
568 1040 733 1077 Quantum

753 961 840 1003 Nec
853 975 991 1002 sumus
1011 961 1186 1016 ingrati:
1207 961 1283 1004 tibi
1301 976 1378 1002 nos
1391 960 1540 1002 debere
1560 958 1749 1015 fatemur,
1769 967 1822 1005 76

752 1018 868 1060 Quod
886 1017 997 1055 datus
1016 1025 1075 1056 est
1092 1017 1217 1056 verbis
1236 1019 1285 1056 ad
1303 1017 1444 1057 amicas
1476 1018 1658 1057 transitus
1676 1030 1800 1057 aures.

213 1097 290 1125 erat,
305 1095 343 1120 ut
357 1089 472 1119 sineres
485 1098 542 1118 nos
553 1086 647 1127 jungi
669 1092 735 1116 toto
753 1070 875 1111 Talia
896 1069 1054 1112 diversa
1074 1071 1348 1127 nequicquam
1364 1071 1458 1112 sede
1472 1071 1601 1113 locuti
1652 1123 1655 1127 Ι

211 1135 367 1174 corpore?
396 1136 457 1163 Aut
471 1133 496 1162 si
511 1133 570 1162 δοῦ
584 1137 658 1162 esset
683 1130 732 1160 ni—
755 1128 842 1169 Sub
862 1135 1026 1168 noctem
1045 1127 1202 1179 dixere,
1224 1129 1351 1170 Vale:
1381 1128 1571 1184 partique
1590 1128 1743 1170 ded'ete

213 1179 328 1215 mium,
351 1177 403 1208 vel
425 1183 543 1217 pateres
565 1175 605 1206 ad
632 1174 734 1205 danda

213 1223 342 1254 oscula!
374 1232 432 1252 nec
454 1230 563 1252 sumus
596 1219 728 1260 ingrati:

702 1219 709 1225 .
754 1184 909 1225 Oscula
924 1185 1094 1240 quisque
1106 1200 1204 1237 suae,
1214 1200 1299 1227 non
1311 1186 1593 1240 pervenientia
1609 1184 1825 1229 contremo

214 1267 354 1298 fatemur
373 1276 431 1296 nos
445 1265 556 1296 debere
580 1264 636 1294 tibi
650 1263 736 1304 quod
755 1242 926 1282 Postera
945 1252 1171 1284 nocturnos
1192 1244 1358 1284 Aurora
1378 1251 1607 1284 removerat
1628 1243 1756 1300 ignes,

215 1312 367 1342 transitus
387 1310 480 1341 datus
500 1315 547 1339 est
559 1308 671 1344 verbis,
694 1307 735 1337 ad
756 1299 908 1354 Solque
928 1298 1143 1353 pruinosas
1164 1300 1289 1341 radiis
1309 1300 1530 1342 siccaverat
1547 1299 1722 1341 herbas:

214 1355 332 1388 anficas
356 1365 456 1386 aures.
525 1352 640 1384 Locuti
662 1352 736 1381 talia
754 1356 820 1394 Ad
839 1356 991 1394 solitum
1012 1355 1139 1394 coiere
1158 1357 1298 1395 locum.

211 1401 424 1441 nequicquam
472 1398 590 1429 diversa
638 1395 710 1426 sede
725 1407 735 1432 ;

213 1446 275 1476 sub
289 1452 414 1475 noctem
426 1443 539 1479 dixere,
557 1440 636 1472 Vale
650 1454 658 1471 :
674 1450 737 1481 que

214 1490 350 1531 quisque
365 1486 478 1519 dedere
501 1497 568 1517 suae
590 1485 671 1525 parti
686 1494 735 1515 os-

1367 1356 1466 1394 Tum
1488 1369 1678 1395 murmure
1696 1370 1828 1408 parvo,

755 1408 895 1450 Multa
914 1407 1028 1463 priris
1048 1410 1194 1464 questi,
1216 1417 1401 1451 statuunt
1421 1417 1467 1450 ut
1486 1419 1607 1461 nocte
1621 1422 1640 1441 a
1655 1409 1787 1452 silenti

755 1466 901 1504 Fallere
921 1466 1112 1512 custodes,
1132 1467 1355 1517 foribusque
1374 1467 1565 1504 excedere
1586 1475 1754 1506 tentent:
1775 1471 1826 1506 85

213 1534 289 1565 cuia
302 1543 366 1564 non
392 1531 604 1572 pervenientia
617 1536 734 1560 contra.
757 1518 946 1575 Cumque
968 1519 1095 1561 domo
1137 1520 1330 1562 exierint.
1352 1519 1466 1561 urbis
1486 1534 1652 1576 quoque
1676 1522 1694 1552 ὃ
1707 1529 1813 1563 tecta

219 1577 349 1609 Postera
394 1577 519 1607 Aurora
566 1579 739 1605 removerat

216 1628 388 1653 nocturnos
399 1621 496 1662 ignes
517 1619 632 1660 Solque
643 1618 738 1649 sicca-

216 1673 303 1697 verat
317 1666 479 1705 pruinosas
493 1665 602 1695 herbas
622 1663 716 1693 radiis
729 1673 738 1693 x

924 1577 1183 1632 relinquant:
1434 1608 1456 1628 x

756 1633 873 1675 Neve
893 1634 944 1675 sit
963 1634 1187 1676 errandum
1206 1634 1292 1675 lato
1313 1633 1585 1689 spatiantibus
1604 1650 1726 1684 arvo;

216 1710 319 1742 coiere
332 1710 371 1740 ad
379 1710 507 1740 solitum
514 1709 629 1739 locum.
654 1707 739 1737 Tum
757 1691 995 1737 Conveniant
1010 1691 1059 1730 ad
1070 1693 1182 1730 busta
1195 1691 1305 1729 Nini:
1321 1692 1541 1742 lateantque
1560 1694 1631 1731 sub
1648 1693 1782 1731 umbra

216 1755 321 1796 questi
333 1754 434 1785 multa
448 1751 533 1793 p'rifis
551 1761 645 1792 parvo
671 1760 841 1784 murmure,
869 1756 1010 1781 statuunt
1025 1756 1061 1781 ut
1087 1755 1208 1781 tentent
1222 1749 1328 1780 fallere
1354 1749 1496 1780 custodes
1509 1749 1626 1786 fsilenti
1643 1756 1740 1787 nocte,
1769 1761 1830 1792 que

214 1798 364 1830 excedere
379 1799 510 1829 foribus.
548 1797 692 1836 Cumque
707 1795 838 1826 exierint
851 1795 953 1831 domo,
965 1804 1089 1836 quoque
1103 1795 1280 1835 relinquant
1293 1800 1374 1824 tecta
1389 1794 1474 1824 urbis
1488 1804 1496 1824 :
1515 1803 1592 1826 neve
1607 1795 1647 1827 sit
1663 1795 1830 1828 errandum

218 1843 426 1884 spatiantibus
441 1843 474 1873 in
489 1843 554 1874 lato
569 1851 642 1872 arvo
654 1853 663 1879 3
688 1840 874 1871 conveniant
888 1840 928 1871 ad
942 1841 1032 1872 busta
1049 1840 1148 1871 Nini:
1173 1839 1352 1880 lateantque
1369 1840 1427 1870 sub
1440 1837 1552 1870 umer

715 1944 734 1963 [ι
745 1939 901 1978 sequente.

1158 1934 1174 1963 b
1190 1932 1330 1964 claustra.

948 2071 1121 2107 NOTES.

266 2169 320 2200 62.
347 2167 454 2208 Captis
467 2166 647 2205 mentibus]
675 2165 800 2207 Caught
817 2164 892 2197 with
906 2163 983 2197 love.

1095 2169 1148 2197 80.
1182 2165 1255 2197 Non
1281 2164 1515 2205 pervenientia]
1552 2163 1669 2198 Which
1689 2167 1744 2200 did
1775 2176 1831 2200 not

266 2216 319 2244 64.
351 2212 464 2252 Ignis]
484 2212 569 2242 Love
583 2226 592 2242 :
611 2223 629 2242 a
644 2212 805 2250 metaphor
820 2211 912 2241 taken
924 2211 1007 2241 from
1048 2220 1137 2241 come
1152 2216 1184 2241 to
1198 2211 1251 2241 the
1262 2212 1350 2241 other
1363 2210 1437 2240 side.

220 2257 276 2287 fire
302 2257 480 2297 deceitfully
495 2256 611 2287 hidden
635 2256 736 2286 under
760 2256 857 2292 ashes,
877 2265 910 2285 as
934 2255 1004 2286 Ho-

219 2311 290 2332 race
304 2310 381 2340 says.

263 2349 316 2376 65.
342 2345 445 2375 Tenui
460 2344 566 2383 rim3.]
595 2352 614 2375 :x
634 2344 724 2376 small
739 2344 842 2374 chink.

267 2389 438 2426 Duxerat]
468 2389 499 2420 It
527 2389 588 2421 had
611 2389 798 2423 conti-acted,
819 2399 893 2419 cum
908 2388 1003 2425 fieret,

177 2466 182 2469 ¹
218 2434 254 2464 iu
268 2435 320 2464 the
333 2434 486 2474 building.
941 2436 943 2439 “

265 2482 317 2509 67.
344 2478 384 2508 Id
399 2478 534 2515 vitium]
563 2477 645 2508 That
662 2476 729 2507 flaw
744 2475 806 2508 had
821 2487 913 2508 never
926 2479 1004 2508 been

219 2523 380 2559 perceived
403 2523 443 2562 by
459 2533 520 2561 any
535 2533 603 2552 one.
661 2522 722 2563 For
745 2523 797 2551 the
822 2521 931 2558 Order,
954 2531 1004 2552 see

217 2568 271 2596 the
286 2560 642 2606 margins—Neratiimss
671 2565 848 2597 Perceived.

263 2615 315 2642 69.
342 2610 460 2648 Vocis]
493 2611 533 2640 So
548 2611 656 2641 below.

263 2658 318 2686 72.
347 2655 449 2695 Inque
464 2654 586 2693 vicem]
615 2656 664 2694 By
679 2661 776 2686 turns,

263 2702 318 2729 74.
347 2697 537 2736 Quantum-J
563 2712 591 2738 q.
615 2702 645 2730 d.
673 2699 705 2730 It
720 2698 823 2729 would
845 2699 883 2729 bc
905 2700 962 2729 but
983 2709 1014 2729 a.

218 2743 309 2773 small
324 2750 436 2773 matter
458 2749 491 2772 to
514 2744 627 2782 permit
648 2754 686 2774 us
711 2749 745 2774 to
766 2745 804 2774 be
822 2743 931 2784 joined
953 2749 1000 2774 to-

215 2790 324 2827 gether
340 2789 378 2826 by
394 2797 451 2816 our
467 2787 564 2818 whole
579 2797 716 2827 persons,

263 2835 317 2862 75.
342 2831 425 2868 Vct]
454 2830 552 2864 Even.

266 2876 317 2905 Ad
346 2874 459 2908 oscula,
484 2876 555 2905 &cst
585 2875 655 2905 Yon
683 2877 782 2916 ought
807 2882 840 2906 to
866 2886 947 2916 open
970 2886 1004 2907 so

221 2921 314 2949 much
331 2929 363 2949 ns
378 2921 443 2959 that
460 2930 504 2950 we
520 2920 562 2959 mi
576 2921 621 2950 rht
636 2920 698 2949 kias
714 2931 773 2951 oue
787 2921 925 2952 another.

262 2968 316 2994 76.
346 2964 490 3000 Debere]
519 2932 619 2994 Tobbe
634 2964 766 3003 obliged,
783 2965 943 2999 belioldcu.

262 3013 312 3039 ΤΟ,
343 3010 407 3041 Sub
423 3009 571 3047 noctem.)
601 3010 644 3041 At
662 3010 760 3050 night.

1094 2258 1149 2285 81.
1178 2255 1296 2296 Ignes]
1324 2255 1392 2285 Τὴε
1407 2260 1483 2286 stars
1493 2255 1591 2287 which
1600 2266 1652 2288 are
1663 2256 1828 2297 dissipated

1048 2305 1079 2330 at
1094 2300 1145 2329 the
1161 2299 1312 2338 approach
1327 2299 1364 2330 of
1375 2300 1426 2329 the
1441 2300 1599 2342 morning'.

1093 2347 1145 2374 82.
1175 2343 1369 2382 Pruinosas]
1396 2344 1572 2383 spi-iamed,
1599 2355 1634 2376 or
1647 2351 1709 2377 wet
1721 2345 1794 2377 with
1810 2356 1829 2376 a

1047 2389 1143 2427 hoary
1157 2388 1237 2418 dew.
1287 2388 1405 2419 Pruina
1419 2388 1446 2419 is
1459 2388 1537 2419 dew.

1093 2436 1145 2463 83.
1171 2431 1307 2475 Coicre]
1333 2433 1421 2472 They
1437 2443 1525 2464 came
1547 2434 1696 2475 together.
1743 2434 1830 2474 They

1049 2483 1122 2507 met.
1259 2477 1280 2487 “

1093 2525 1146 2551 84.
1173 2521 1283 2552 Silenti
1295 2521 1408 2559 nocta]
1436 2521 1476 2552 In
1491 2522 1544 2552 the
1558 2521 1751 2563 night-time.

1093 2569 1145 2597 85.
1169 2565 1287 2596 Fallere
1309 2565 1475 2604 custodes]
1524 2566 1572 2597 To
1597 2566 1720 2598 deceive
1751 2567 1831 2598 their

1047 2609 1183 2648 keepers,
1200 2611 1269 2640 who
1279 2620 1330 2640 are
1345 2609 1443 2641 called
1457 2610 1623 2642 Janitores.

1096 2653 1310 2694 Foribusque.]
1340 2654 1434 2684 From
1466 2655 1518 2684 the
1539 2655 1660 2690 houses.
1689 2661 1758 2695 part
1780 2655 1830 2687 sor

1045 2699 1098 2730 the
1113 2697 1452 2736 whole,—Excedere.]
1480 2698 1529 2729 To
1542 2709 1584 2740 go
1598 2705 1662 2730 out.

1090 2746 1143 2774 83.
1173 2742 1295 2780 Tecta]
1323 2742 1391 2772 The
1403 2743 1526 2773 hou-ses-

1091 2791 1143 2818 87.
1170 2786 1408 2828 Spatiantibus.]
1435 2788 1554 2827 Agreus
1579 2787 1653 2818 with
1679 2787 1751 2824 illis,
1774 2788 1831 2818 viz.

1050 2832 1204 2871 Pyramus
1217 2831 1281 2861 and
1298 2831 1426 2861 Thisbe.
1472 2831 1488 2861 1
1493 2842 1512 2861 n
1528 2831 1717 2873 wandeting.
1753 2832 1829 2872 Spa-

1048 2876 1117 2906 tiari
1133 2876 1159 2906 is
1174 2882 1206 2906 to
1220 2875 1299 2906 walk
1312 2876 1406 2906 about
1420 2875 1453 2905 in
1465 2886 1484 2906 a
1497 2875 1581 2916 large
1596 2886 1695 2915 space.

1094 2924 1145 2950 88.
1175 2919 1226 2950 Ad
1241 2921 1330 2950 busta
1348 2919 1449 2958 Nini-J
1477 2919 1524 2951 To
1543 2920 1672 2951 Ninus‘s
1692 2921 1787 2957 romb,
1810 2931 1829 2950 a

1049 2964 1127 3004 king
1141 2963 1178 2994 of
1196 2965 1249 2994 the
1268 2963 1437 3003 Assyrians.
1486 2964 1622 2995 Bustum
1636 2965 1663 2995 is
1687 2964 1828 3004 properly

1050 3010 1102 3043 the
1115 3008 1200 3050 place
1211 3008 1246 3041 in
1260 3008 1359 3042 which
1371 3007 1451 3041 dead
1464 3009 1569 3044 bodies
1580 3019 1631 3042 are
1645 3007 1762 3043 buried.
